"Count","Tradelist Count","Name","Edition","Condition","Language","Foil","Tags","Last Modified","Collector Number","Alter","Proxy","Purchase Price"
"2","2","A Little Chat","snc","Near Mint","English","","","2023-10-26 21:38:17.963000","47","False","False","0.04"
"6","6","Abandon Reason","emn","Near Mint","English","","","2023-10-26 21:38:17.963000","115","False","False","0.11"
"2","2","Abandoned Sarcophagus","c20","Near Mint","English","","","2023-10-26 21:38:17.963000","236","False","False","0.07"
"2","2","Abdel Adrian, Gorion's Ward","clb","Near Mint","English","","","2023-10-26 21:38:17.963000","2","False","False","0.15"
"2","2","Aberrant Mind Sorcerer","afr","Near Mint","English","","","2023-10-26 21:38:17.963000","44","False","False","0.03"
"2","2","Abiding Grace","mh2","Near Mint","English","","","2023-10-26 21:38:17.963000","1","False","False","0.11"
"2","2","Aboleth Spawn","clb","Near Mint","English","","","2023-10-26 21:38:17.963000","662","False","False","0.89"
"2","2","Abrade","cmm","Near Mint","English","","","2023-10-26 21:38:17.963000","203","False","False","0.15"
"1","1","Absorb","dmr","Near Mint","English","","","2023-10-26 21:38:17.963000","186","False","False","0.19"
"2","2","Abyssal Specter","mm3","Near Mint","English","","","2023-10-26 21:38:17.963000","59","False","False","0.09"
"2","2","Abzan Battle Priest","moc","Near Mint","English","","","2023-10-26 21:38:17.963000","164","False","False","0.23"
"2","2","Abzan Beastmaster","frf","Near Mint","English","","","2023-10-26 21:38:17.963000","119","False","False","0.17"
"3","3","Abzan Charm","dmc","Near Mint","English","","","2023-10-26 21:38:17.963000","138","False","False","0.09"
"1","1","Abzan Falconer","moc","Near Mint","English","","","2023-10-26 21:38:17.963000","165","False","False","0.12"
"1","1","Abzan Kin-Guard","frf","Near Mint","English","","","2023-10-26 21:38:17.963000","120","False","False","0.06"
"1","1","Accursed Horde","hou","Near Mint","English","","","2023-10-26 21:38:17.963000","56","False","False","0.05"
"1","1","Acidic Slime","cmm","Near Mint","English","","","2023-10-26 21:38:17.963000","270","False","False","0.13"
"4","4","Acolyte of Bahamut","clb","Near Mint","English","","","2023-10-26 21:38:17.963000","212","False","False","0.09"
"1","1","Acolyte's Reward","bng","Near Mint","English","","","2023-10-26 21:38:17.963000","1","False","False","0.07"
"2","2","Acquisitions Expert","znr","Near Mint","English","","","2023-10-26 21:38:17.963000","89","False","False","0.13"
"3","3","Adanto Vanguard","xln","Near Mint","English","","","2023-10-26 21:38:17.963000","1","False","False","0.23"
"1","1","Adeline, Resplendent Cathar","moc","Near Mint","English","","","2023-10-26 21:38:17.963000","167","False","False","9.09"
"6","6","Admiral Beckett Brass","xln","Near Mint","English","","","2023-10-26 21:38:17.963000","217","False","False","1.15"
"1","1","Adorned Pouncer","hou","Near Mint","English","","","2023-10-26 21:38:17.963000","2","False","False","0.54"
"1","1","Adult Gold Dragon","afr","Near Mint","English","","","2023-10-26 21:38:17.963000","216","False","False","0.26"
"2","2","Aegis of the Gods","jou","Near Mint","English","","","2023-10-26 21:38:17.963000","1","False","False","1.32"
"1","1","Aerie Mystics","cma","Near Mint","English","","","2023-10-26 21:38:17.963000","1","False","False","0.10"
"1","1","Aeronaut Admiral","nec","Near Mint","English","","","2023-10-26 21:38:17.963000","79","False","False","0.11"
"2","2","Aether Channeler","dmu","Near Mint","English","","","2023-10-26 21:38:17.963000","42","False","False","0.38"
"3","3","Aetherize","znc","Near Mint","English","","","2023-10-26 21:38:17.963000","23","False","False","0.86"
"1","1","Affectionate Indrik","grn","Near Mint","English","","","2023-10-26 21:38:17.963000","121","False","False","0.03"
"3","3","Agent of the Shadow Thieves","clb","Near Mint","English","","","2023-10-26 21:38:17.963000","108","False","False","0.12"
"2","2","Agonizing Remorse","thb","Near Mint","English","","","2023-10-26 21:38:17.963000","83","False","False","0.03"
"1","1","Agoraphobia","ddm","Near Mint","English","","","2023-10-26 21:38:17.963000","22","False","False","0.03"
"2","2","Ahn-Crop Champion","akh","Near Mint","English","","","2023-10-26 21:38:17.963000","194","False","False","0.06"
"7","7","Ahn-Crop Crasher","akh","Near Mint","English","","","2023-10-26 21:38:17.963000","117","False","False","0.07"
"1","1","Ainok Artillerist","dtk","Near Mint","English","","","2023-10-26 21:38:17.963000","171","False","False","0.03"
"1","1","Air Elemental","m20","Near Mint","English","","","2023-10-26 21:38:17.963000","44","False","False","0.04"
"1","1","Air Servant","w16","Near Mint","English","","","2023-10-26 21:38:17.963000","4","False","False","0.01"
"1","1","Airdrop Aeronauts","aer","Near Mint","English","","","2023-10-26 21:38:17.963000","5","False","False","0.02"
"2","2","Ajani, Caller of the Pride","m14","Near Mint","English","","","2023-10-26 21:38:17.963000","1","False","False","1.58"
"1","1","Ajani's Chosen","woc","Near Mint","English","","","2023-10-26 21:38:17.963000","59","False","False","0.19"
"1","1","Ajani's Pridemate","war","Near Mint","English","","","2023-10-26 21:38:17.963000","4","False","False","0.14"
"2","2","Akiri, Fearless Voyager","cmm","Near Mint","English","","","2023-10-26 21:38:17.963000","335","False","False","0.14"
"2","2","Akki Battle Squad","nec","Near Mint","English","","","2023-10-26 21:38:17.963000","18","False","False","0.79"
"1","1","Akoum Refuge","c19","Near Mint","English","","","2023-10-26 21:38:17.963000","226","False","False","0.16"
"1","1","Akroan Hoplite","cn2","Near Mint","English","","","2023-10-26 21:38:17.963000","197","False","False","0.10"
"2","2","Alabaster Mage","2xm","Near Mint","English","","","2023-10-26 21:38:17.963000","2","False","False","0.01"
"1","1","Alchemist's Vial","ori","Near Mint","English","","","2023-10-26 21:38:17.963000","220","False","False","0.15"
"1","1","Alela, Artful Provocateur","ncc","Near Mint","English","","","2023-10-26 21:38:17.963000","325","False","False","0.41"
"1","1","Ali Baba","4ed","Near Mint","English","","","2023-10-26 21:38:17.963000","175","False","False","0.15"
"3","3","Alibou, Ancient Witness","c21","Near Mint","English","foil","","2023-10-26 21:38:17.963000","7","False","False","2.43"
"1","1","Alive // Well","dgm","Near Mint","English","","","2023-10-26 21:38:17.963000","121","False","False","0.10"
"2","2","Alloy Animist","bro","Near Mint","English","","","2023-10-26 21:38:17.963000","166","False","False","0.02"
"2","2","Alora, Merry Thief","clb","Near Mint","English","","","2023-10-26 21:38:17.963000","55","False","False","0.04"
"1","1","Alpha Authority","gtc","Near Mint","English","","","2023-10-26 21:38:17.963000","114","False","False","1.62"
"2","2","Alpine Houndmaster","m21","Near Mint","English","","","2023-10-26 21:38:17.963000","215","False","False","0.11"
"4","4","Altar of Bhaal // Bone Offering","clb","Near Mint","English","","","2023-10-26 21:38:17.963000","109","False","False","0.20"
"2","2","Amber Gristle O'Maul","clb","Near Mint","English","","","2023-10-26 21:38:17.963000","159","False","False","0.05"
"1","1","Ambition's Cost","moc","Near Mint","English","","","2023-10-26 21:38:17.963000","246","False","False","0.11"
"1","1","Ambulatory Edifice","one","Near Mint","English","","","2023-10-26 21:38:17.963000","79","False","False","0.02"
"1","1","Ammit Eternal","hou","Near Mint","English","","","2023-10-26 21:38:17.963000","57","False","False","0.27"
"1","1","Amplifire","rna","Near Mint","English","","","2023-10-26 21:38:17.963000","92","False","False","0.09"
"1","1","An Offer You Can't Refuse","snc","Near Mint","English","","","2023-10-26 21:38:17.963000","51","False","False","3.35"
"1","1","Ancestral Anger","vow","Near Mint","English","","","2023-11-12 15:45:54.873000","142","False","False",""
"1","1","Anchor to Reality","neo","Near Mint","English","","","2023-10-26 21:38:17.963000","45","False","False","0.07"
"1","1","Ancient Brass Dragon","clb","Near Mint","English","","","2023-10-26 21:38:17.963000","111","False","False","16.61"
"3","3","Ancient Den","c21","Near Mint","English","","","2023-10-26 21:38:17.963000","276","False","False","1.42"
"1","1","Angel of Condemnation","hou","Near Mint","English","","","2023-10-26 21:38:17.963000","3","False","False","0.37"
"1","1","Angel of Finality","moc","Near Mint","English","","","2023-10-26 21:38:17.963000","169","False","False","0.17"
"2","2","Angel of Flight Alabaster","voc","Near Mint","English","","","2023-10-26 21:38:17.963000","77","False","False","0.09"
"1","1","Angel of Salvation","moc","Near Mint","English","","","2023-10-26 21:38:17.963000","170","False","False","0.08"
"2","2","Angel of Serenity","c21","Near Mint","English","","","2023-10-26 21:38:17.963000","83","False","False","0.40"
"3","3","Angel of Suffering","snc","Near Mint","English","","","2023-10-26 21:38:17.963000","67","False","False","0.87"
"2","2","Angel of the God-Pharaoh","hou","Near Mint","English","","","2023-10-26 21:38:17.963000","4","False","False","0.06"
"2","2","Angel of the Ruins","moc","Near Mint","English","","","2023-10-26 21:38:17.963000","171","False","False","0.19"
"1","1","Angelic Arbiter","cma","Near Mint","English","","","2023-10-26 21:38:17.963000","4","False","False","1.60"
"1","1","Angelic Ascension","m21","Near Mint","English","","","2023-10-26 21:38:17.963000","3","False","False","0.05"
"1","1","Angelic Exaltation","rna","Near Mint","English","","","2023-10-26 21:38:17.963000","2","False","False","0.19"
"6","6","Angelic Quartermaster","vow","Near Mint","English","","","2023-10-26 21:38:17.963000","2","False","False","0.05"
"2","2","Angel's Tomb","ori","Near Mint","English","","","2023-10-26 21:38:17.963000","222","False","False","0.12"
"2","2","Anger","afc","Near Mint","English","","","2023-10-26 21:38:17.963000","113","False","False","3.93"
"2","2","Angler Drake","akh","Near Mint","English","","","2023-10-26 21:38:17.963000","41","False","False","0.02"
"1","1","Angrath, Captain of Chaos","war","Near Mint","English","","","2023-10-26 21:38:17.963000","227","False","False","0.18"
"1","1","Animal Magnetism","cmm","Near Mint","English","","","2023-10-26 21:38:17.963000","271","False","False","0.07"
"1","1","Animal Sanctuary","m21","Near Mint","English","","","2023-10-26 21:38:17.963000","242","False","False","1.14"
"1","1","Animate Dead","ema","Near Mint","English","","","2023-10-26 21:38:17.963000","78","False","False","5.71"
"1","1","Animist's Awakening","c20","Near Mint","English","","","2023-10-26 21:38:17.963000","166","False","False","2.20"
"1","1","Anje, Maid of Dishonor","vow","Near Mint","English","","","2023-10-26 21:38:17.963000","231","False","False","0.16"
"2","2","Annex Sentry","one","Near Mint","English","","","2023-10-26 21:38:17.963000","2","False","False","0.09"
"1","1","Annihilate","ema","Near Mint","English","","","2023-10-26 21:38:17.963000","79","False","False","0.04"
"1","1","Anoint with Affliction","one","Near Mint","English","","","2023-10-26 21:38:17.963000","81","False","False","0.08"
"1","1","Anointed Peacekeeper","dmu","Near Mint","English","","","2023-10-26 21:38:17.963000","2","False","False","0.40"
"2","2","Anowon, the Ruin Sage","voc","Near Mint","English","","","2023-10-26 21:38:17.963000","118","False","False","0.87"
"1","1","Antagonize","snc","Near Mint","English","","","2023-10-26 21:38:17.963000","100","False","False","0.03"
"1","1","Aphetto Alchemist","ons","Near Mint","English","","","2023-10-26 21:38:17.963000","64","False","False","3.32"
"1","1","Apocalypse Demon","hou","Near Mint","English","","","2023-10-26 21:38:17.963000","58","False","False","0.16"
"3","3","Appeal // Authority","hou","Near Mint","English","","","2023-10-26 21:38:17.963000","152","False","False","0.17"
"3","3","Approach of the Second Sun","akh","Near Mint","English","","","2023-10-26 21:38:17.963000","4","False","False","2.08"
"2","2","Arachnogenesis","cmm","Near Mint","English","","","2023-10-26 21:38:17.963000","272","False","False","3.50"
"3","3","Arashin War Beast","frf","Near Mint","English","","","2023-10-26 21:38:17.963000","123","False","False","0.02"
"1","1","Arbalest Engineers","bro","Near Mint","English","","","2023-10-26 21:38:17.963000","206","False","False","0.03"
"1","1","Arbor Colossus","c15","Near Mint","English","","","2023-10-26 21:38:17.963000","174","False","False","0.13"
"3","3","Arbor Elf","a25","Near Mint","English","","","2023-10-26 21:38:17.963000","160","False","False","0.29"
"1","1","Arc Lightning","ktk","Near Mint","English","","","2023-10-26 21:38:17.963000","97","False","False","0.07"
"3","3","Arc Spitter","snc","Near Mint","English","","","2023-10-26 21:38:17.963000","233","False","False","0.05"
"1","1","Arcane Denial","woc","Near Mint","English","","","2023-10-26 21:38:17.963000","84","False","False","3.21"
"2","2","Arcane Encyclopedia","clb","Near Mint","English","","","2023-10-26 21:38:17.963000","297","False","False","0.05"
"1","1","Arcane Melee","c13","Near Mint","English","","","2023-10-26 21:38:17.963000","29","False","False","0.28"
"1","1","Arcane Sanctum","moc","Near Mint","English","","","2023-10-26 21:38:17.963000","390","False","False","0.22"
"20","20","Arcane Signet","woc","Near Mint","English","","","2023-10-26 21:38:17.963000","145","False","False","0.86"
"3","3","Arcbound Javelineer","mh2","Near Mint","English","","","2023-10-26 21:38:17.963000","2","False","False","0.05"
"1","1","Arcbound Prototype","mh2","Near Mint","English","","","2023-10-26 21:38:17.963000","4","False","False","0.03"
"2","2","Arcbound Shikari","mh2","Near Mint","English","","","2023-10-26 21:38:17.963000","184","False","False","0.03"
"2","2","Arcbound Slasher","mh2","Near Mint","English","","","2023-10-26 21:38:17.963000","111","False","False","0.02"
"1","1","Arcbound Tracker","mh2","Near Mint","English","","","2023-10-26 21:38:17.963000","112","False","False","0.02"
"2","2","Arcbound Whelp","mh2","Near Mint","English","","","2023-10-26 21:38:17.963000","113","False","False","0.02"
"1","1","Archaeomancer","uma","Near Mint","English","","","2023-10-26 21:38:17.963000","45","False","False","0.25"
"2","2","Archaeomancer's Map","c21","Near Mint","English","","","2023-10-26 21:38:17.963000","12","False","False","8.16"
"2","2","Archetype of Endurance","bng","Near Mint","English","","","2023-10-26 21:38:17.963000","116","False","False","0.81"
"1","1","Archetype of Finality","bng","Near Mint","English","","","2023-10-26 21:38:17.963000","58","False","False","0.72"
"1","1","Archfiend of Ifnir","akh","Near Mint","English","","","2023-10-26 21:38:17.963000","78","False","False","2.97"
"2","2","Archfiend of Sorrows","mh2","Near Mint","English","","","2023-10-26 21:38:17.963000","74","False","False","0.02"
"2","2","Archghoul of Thraben","vow","Near Mint","English","","","2023-10-26 21:38:17.963000","93","False","False","0.14"
"2","2","Archivist of Oghma","clb","Near Mint","English","","","2023-10-26 21:38:17.963000","4","False","False","5.71"
"1","1","Archmage Emeritus","stx","Near Mint","English","","","2023-10-26 21:38:17.963000","37","False","False","3.22"
"1","1","Archon of Cruelty","mh2","Near Mint","English","","","2023-10-26 21:38:17.963000","75","False","False","9.34"
"1","1","Archway Angel","rna","Near Mint","English","","","2023-10-26 21:38:17.963000","3","False","False","0.07"
"1","1","Arctic Aven","m13","Near Mint","English","","","2023-10-26 21:38:17.963000","42","False","False","0.06"
"3","3","Ardent Dustspeaker","stx","Near Mint","English","","","2023-10-26 21:38:17.963000","92","False","False","0.03"
"2","2","Arm the Cathars","vow","Near Mint","English","","","2023-10-26 21:38:17.963000","3","False","False","0.01"
"4","4","Armed // Dangerous","dgm","Near Mint","English","","","2023-10-26 21:38:17.963000","122","False","False","0.08"
"1","1","Armillary Sphere","cmr","Near Mint","English","","","2023-10-26 21:38:17.963000","298","False","False","0.06"
"1","1","Armix, Filigree Thrasher","cmr","Near Mint","English","","","2023-10-26 21:38:17.963000","108","False","False","0.14"
"2","2","Armorcraft Judge","cmm","Near Mint","English","","","2023-10-26 21:38:17.963000","273","False","False","0.10"
"1","1","Armored Scrapgorger","one","Near Mint","English","","","2023-10-26 21:38:17.963000","158","False","False","0.17"
"1","1","Arms Race","bro","Near Mint","English","","","2023-10-26 21:38:17.963000","126","False","False","0.02"
"1","1","Army of the Damned","ncc","Near Mint","English","","","2023-10-26 21:38:17.963000","242","False","False","0.40"
"1","1","Aron, Benalia's Ruin","dmu","Near Mint","English","","","2023-10-26 21:38:17.963000","193","False","False","0.05"
"1","1","Arrest","mm2","Near Mint","English","","","2023-10-26 21:38:17.963000","9","False","False","0.06"
"1","1","Arrester's Zeal","rna","Near Mint","English","","","2023-10-26 21:38:17.963000","4","False","False","0.04"
"1","1","Arrows of Justice","gtc","Near Mint","English","","","2023-10-26 21:38:17.963000","211","False","False","0.08"
"1","1","Arterial Flow","rix","Near Mint","English","","","2023-10-26 21:38:17.963000","62","False","False","0.30"
"1","1","Artificer's Dragon","prm","Near Mint","English","","","2023-11-13 22:47:05.667000","105814","False","False",""
"2","2","Artificer's Hex","m14","Near Mint","English","","","2023-10-26 21:38:17.963000","85","False","False","0.10"
"1","1","Artillery Blast","dmu","Near Mint","English","","","2023-10-26 21:38:17.963000","6","False","False","0.02"
"1","1","Artistic Refusal","mom","Near Mint","English","","","2023-10-26 21:38:17.963000","46","False","False","0.01"
"2","2","Arvad the Cursed","moc","Near Mint","English","","","2023-10-26 21:38:17.963000","317","False","False","0.10"
"1","1","As Foretold","2x2","Near Mint","English","","","2023-10-26 21:38:17.963000","38","False","False","1.61"
"2","2","Ascendant Acolyte","nec","Near Mint","English","","","2023-10-26 21:38:17.963000","24","False","False","0.18"
"2","2","Ascendant Packleader","vow","Near Mint","English","","","2023-10-26 21:38:17.963000","186","False","False","0.13"
"4","4","Ash Barrens","cmm","Near Mint","English","","","2023-10-26 21:38:17.963000","419","False","False","0.13"
"1","1","Ash, Party Crasher","woe","Near Mint","English","","","2023-10-26 21:38:17.963000","201","False","False","0.02"
"2","2","Ashaya, Soul of the Wild","znr","Near Mint","English","","","2023-10-26 21:38:17.963000","179","False","False","9.46"
"1","1","Ashiok, Wicked Manipulator","woe","Near Mint","English","","","2023-10-26 21:38:17.963000","78","False","False","1.49"
"2","2","Ashiok's Adept","bng","Near Mint","English","","","2023-10-26 21:38:17.963000","59","False","False","0.07"
"1","1","Ashiok's Reaper","woe","Near Mint","English","","","2023-10-26 21:38:17.963000","79","False","False","0.07"
"1","1","Ashling the Pilgrim","cmm","Near Mint","English","","","2023-10-26 21:38:17.963000","205","False","False","0.12"
"1","1","Ashnod the Uncaring","brc","Near Mint","English","","","2023-10-26 21:38:17.963000","4","False","False","0.28"
"1","1","Asmodeus the Archfiend","afr","Near Mint","English","","","2023-10-26 21:38:17.963000","88","False","False","0.24"
"1","1","Asmoranomardicadaistinaculdacar","mh2","Near Mint","English","","","2023-10-26 21:38:17.963000","186","False","False","0.22"
"1","1","Aspect of Wolf","5ed","Near Mint","English","","","2023-10-26 21:38:17.963000","278","False","False","0.43"
"1","1","Aspirant's Ascent","one","Near Mint","English","","","2023-10-26 21:38:17.963000","40","False","False","0.01"
"2","2","Assassin's Ink","neo","Near Mint","English","","","2023-10-26 21:38:17.963000","87","False","False","0.04"
"2","2","Assault Formation","ima","Near Mint","English","","","2023-10-26 21:38:17.963000","155","False","False","0.86"
"1","1","Assault Strobe","som","Near Mint","English","","","2023-10-26 21:38:17.963000","82","False","False","0.24"
"1","1","Assault Suit","cmm","Near Mint","English","","","2023-10-26 21:38:17.963000","369","False","False","0.13"
"1","1","Assemble the Legion","onc","Near Mint","English","","","2023-10-26 21:38:17.963000","115","False","False","0.21"
"1","1","Astarion, the Decadent","clb","Near Mint","English","","","2023-10-26 21:38:17.963000","265","False","False","2.91"
"1","1","Athreos, God of Passage","mb1","Near Mint","English","","","2023-10-30 21:48:27.477000","1391","False","False",""
"1","1","Atraxa's Skitterfang","one","Near Mint","English","","","2023-10-26 21:38:17.963000","223","False","False","0.02"
"1","1","Atsushi, the Blazing Sky","neo","Near Mint","English","","","2023-10-26 21:38:17.963000","134","False","False","3.94"
"6","6","Atzocan Archer","xln","Near Mint","English","","","2023-10-26 21:38:17.963000","176","False","False","0.04"
"2","2","Audacious Reshapers","c21","Near Mint","English","","","2023-10-26 21:38:17.963000","47","False","False","0.10"
"1","1","Augur of Autumn","mid","Near Mint","English","","","2023-10-26 21:38:17.963000","168","False","False","3.91"
"1","1","Augur of Bolas","war","Near Mint","English","","","2023-10-26 21:38:17.963000","41","False","False","0.18"
"1","1","Aura Shards","cmd","Near Mint","English","","","2023-10-26 21:38:17.963000","182","False","False","17.32"
"1","1","Aurelia, the Warleader","2x2","Near Mint","English","","","2023-10-26 21:38:17.963000","179","False","False","6.06"
"1","1","Aurochs","cst","Near Mint","English","","","2023-10-26 21:38:17.963000","225","False","False","0.16"
"2","2","Austere Command","woc","Near Mint","English","","","2023-10-26 21:38:17.963000","62","False","False","0.63"
"2","2","Author of Shadows","c21","Near Mint","English","","","2023-10-26 21:38:17.963000","35","False","False","0.23"
"2","2","Avacyn's Pilgrim","mic","Near Mint","English","","","2023-10-26 21:38:17.963000","132","False","False","0.33"
"2","2","Avarice Amulet","m15","Near Mint","English","","","2023-10-26 21:38:17.963000","212","False","False","0.21"
"1","1","Avatar of Slaughter","cmm","Near Mint","English","","","2023-10-26 21:38:17.963000","206","False","False","0.12"
"4","4","Aven Gagglemaster","m21","Near Mint","English","","","2023-10-26 21:38:17.963000","5","False","False","0.02"
"2","2","Aven Heartstabber","snc","Near Mint","English","","","2023-10-26 21:38:17.963000","166","False","False","0.07"
"4","4","Aven Mindcensor","clb","Near Mint","English","","","2023-10-26 21:38:17.963000","688","False","False","0.21"
"2","2","Aven Sunstriker","dtk","Near Mint","English","","","2023-10-26 21:38:17.963000","5","False","False","0.09"
"3","3","Aven Wind Guide","akh","Near Mint","English","","","2023-10-26 21:38:17.963000","195","False","False","0.20"
"2","2","Avenger of Zendikar","ncc","Near Mint","English","","","2023-10-26 21:38:17.963000","280","False","False","3.89"
"1","1","Aviary Mechanic","kld","Near Mint","English","","","2023-10-26 21:38:17.963000","6","False","False","0.04"
"4","4","Awaken the Erstwhile","rna","Near Mint","English","","","2023-10-26 21:38:17.963000","61","False","False","0.27"
"2","2","Awakened Awareness","neo","Near Mint","English","","","2023-10-26 21:38:17.963000","47","False","False","0.01"
"1","1","Axelrod Gunnarson","chr","Near Mint","English","","","2023-10-26 21:38:17.963000","72","False","False","0.20"
"1","1","Azorius Aethermage","dis","Near Mint","English","","","2023-10-26 21:38:17.963000","104","False","False","0.19"
"6","6","Azorius Chancery","2x2","Near Mint","English","","","2023-10-26 21:38:17.963000","318","False","False","0.16"
"2","2","Azorius Charm","gk2","Near Mint","English","","","2023-10-26 21:38:17.963000","8","False","False","0.49"
"1","1","Azorius Guildgate","khc","Near Mint","English","","","2023-10-26 21:38:17.963000","107","False","False","0.99"
"1","1","Azorius Locket","voc","Near Mint","English","","","2023-10-26 21:38:17.963000","160","False","False","0.07"
"3","3","Azorius Signet","cmm","Near Mint","English","","","2023-10-26 21:38:17.963000","941","False","False","0.48"
"1","1","Azorius Skyguard","rna","Near Mint","English","","","2023-10-26 21:38:17.963000","155","False","False","0.05"
"2","2","Azor's Elocutors","rtr","Near Mint","English","","","2023-10-26 21:38:17.963000","210","False","False","0.38"
"1","1","Azure Mage","mm3","Near Mint","English","","","2023-10-26 21:38:17.963000","31","False","False","0.10"
"2","2","Azusa, Lost but Seeking","cmm","Near Mint","English","","","2023-10-26 21:38:17.963000","274","False","False","2.96"
"2","2","Baba Lysaga, Night Witch","clb","Near Mint","English","","","2023-10-26 21:38:17.963000","266","False","False","0.13"
"1","1","Back for Seconds","woe","Near Mint","English","","","2023-10-26 21:38:17.963000","80","False","False","0.11"
"1","1","Backdraft Hellkite","2x2","Near Mint","English","","","2023-10-26 21:38:17.963000","103","False","False","0.63"
"2","2","Baeloth Barrityl, Entertainer","clb","Near Mint","English","foil","","2023-10-26 21:38:17.963000","655","False","False","0.79"
"3","3","Bag of Holding","clb","Near Mint","English","","","2023-10-26 21:38:17.963000","299","False","False","0.06"
"2","2","Baird, Steward of Argive","cmm","Near Mint","English","","","2023-10-26 21:38:17.963000","15","False","False","0.17"
"2","2","Bala Ged Recovery // Bala Ged Sanctuary","znr","Near Mint","English","","","2023-10-26 21:38:17.963000","180","False","False","2.76"
"1","1","Baldur's Gate","clb","Near Mint","English","","","2023-10-26 21:38:17.963000","345","False","False","1.16"
"1","1","Balduvian Atrocity","dmu","Near Mint","English","","","2023-10-26 21:38:17.963000","79","False","False","0.02"
"1","1","Balduvian Bears","dkm","Near Mint","English","","","2023-10-26 21:38:17.963000","22","False","False","1.46"
"2","2","Balduvian Berserker","dmu","Near Mint","English","","","2023-10-26 21:38:17.963000","116","False","False","0.01"
"2","2","Baleful Ammit","akh","Near Mint","English","","","2023-10-26 21:38:17.963000","79","False","False","0.05"
"1","1","Baleful Force","c13","Near Mint","English","","","2023-10-26 21:38:17.963000","70","False","False","0.36"
"2","2","Baleful Strix","dmc","Near Mint","English","","","2023-10-26 21:38:17.963000","143","False","False","1.11"
"4","4","Ballroom Brawlers","snc","Near Mint","English","","","2023-10-26 21:38:17.963000","3","False","False","0.02"
"1","1","Bane Alley Broker","gtc","Near Mint","English","","","2023-10-26 21:38:17.963000","145","False","False","0.07"
"3","3","Bane of Progress","cma","Near Mint","English","","","2023-10-26 21:38:17.963000","91","False","False","2.46"
"3","3","Bane, Lord of Darkness","clb","Near Mint","English","","","2023-10-26 21:38:17.963000","267","False","False","0.08"
"2","2","Bane's Contingency","clb","Near Mint","English","","","2023-10-26 21:38:17.963000","57","False","False","0.17"
"2","2","Baneslayer Angel","m21","Near Mint","English","","","2023-10-26 21:38:17.963000","6","False","False","2.09"
"1","1","Banewhip Punisher","hou","Near Mint","English","","","2023-10-26 21:38:17.963000","59","False","False","0.22"
"1","1","Banisher Priest","moc","Near Mint","English","","","2023-10-26 21:38:17.963000","173","False","False","0.05"
"2","2","Banishment","clb","Near Mint","English","","","2023-10-26 21:38:17.963000","8","False","False","0.05"
"1","1","Bankrupt in Blood","rna","Near Mint","English","","","2023-10-26 21:38:17.963000","62","False","False","0.13"
"1","1","Baral, Chief of Compliance","aer","Near Mint","English","","","2023-10-26 21:38:17.963000","28","False","False","1.62"
"2","2","Barbed Spike","mh2","Near Mint","English","","","2023-10-26 21:38:17.963000","5","False","False","0.03"
"3","3","Bard Class","afr","Near Mint","English","","","2023-10-26 21:38:17.963000","217","False","False","0.69"
"3","3","Barren Moor","c21","Near Mint","English","","","2023-10-26 21:38:17.963000","277","False","False","0.14"
"2","2","Barricade Breaker","aer","Near Mint","English","","","2023-10-26 21:38:17.963000","144","False","False","0.06"
"1","1","Barrin, Tolarian Archmage","m21","Near Mint","English","","","2023-10-26 21:38:17.963000","45","False","False","0.16"
"1","1","Barrowin of Clan Undurr","afr","Near Mint","English","","","2023-10-26 21:38:17.963000","218","False","False","0.06"
"3","3","Barter in Blood","cma","Near Mint","English","","","2023-10-26 21:38:17.963000","48","False","False","0.11"
"1","1","Base Camp","znr","Near Mint","English","","","2023-10-26 21:38:17.963000","257","False","False","0.08"
"2","2","Basic Conjuration","stx","Near Mint","English","","","2023-10-26 21:38:17.963000","120","False","False","0.06"
"1","1","Basilica Bell-Haunt","rna","Near Mint","English","","","2023-10-26 21:38:17.963000","156","False","False","0.09"
"1","1","Basilica Guards","gtc","Near Mint","English","","","2023-10-26 21:38:17.963000","5","False","False","0.05"
"5","5","Basilisk Collar","clb","Near Mint","English","","","2023-10-26 21:38:17.963000","300","False","False","2.60"
"1","1","Basri Ket","m21","Near Mint","English","","","2023-10-26 21:38:17.963000","7","False","False","1.07"
"2","2","Basri's Acolyte","m21","Near Mint","English","","","2023-10-26 21:38:17.963000","8","False","False","0.02"
"1","1","Basri's Lieutenant","m21","Near Mint","English","","","2023-10-26 21:38:17.963000","9","False","False","0.23"
"3","3","Basri's Solidarity","m21","Near Mint","English","","","2023-10-26 21:38:17.963000","10","False","False","0.12"
"2","2","Bastion of Remembrance","cmm","Near Mint","English","","","2023-10-26 21:38:17.963000","138","False","False","1.14"
"3","3","Batterbone","mh2","Near Mint","English","","","2023-10-26 21:38:17.963000","221","False","False","0.09"
"1","1","Battle at the Bridge","aer","Near Mint","English","","","2023-10-26 21:38:17.963000","53","False","False","0.29"
"1","1","Battle Brawler","frf","Near Mint","English","","","2023-10-26 21:38:17.963000","63","False","False","0.05"
"1","1","Battle Cry Goblin","afr","Near Mint","English","","","2023-10-26 21:38:17.963000","132","False","False","0.40"
"1","1","Battle Mastery","bbd","Near Mint","English","","","2023-10-26 21:38:17.963000","89","False","False","0.23"
"1","1","Battle Screech","cmm","Near Mint","English","","","2023-10-26 21:38:17.963000","17","False","False","0.07"
"1","1","Battlefield Butcher","bro","Near Mint","English","","","2023-10-26 21:38:17.963000","86","False","False","0.03"
"2","2","Battlefield Forge","bro","Near Mint","English","","","2023-10-26 21:38:17.963000","257","False","False","1.52"
"3","3","Battlefield Scavenger","akh","Near Mint","English","","","2023-10-26 21:38:17.963000","118","False","False","0.05"
"1","1","Battleground Geist","isd","Near Mint","English","","","2023-10-26 21:38:17.963000","45","False","False","0.07"
"1","1","Battlemage's Bracers","c21","Near Mint","English","","","2023-10-26 21:38:17.963000","48","False","False","2.63"
"1","1","Battle-Rattle Shaman","2xm","Near Mint","English","","","2023-10-26 21:38:17.963000","116","False","False","0.02"
"1","1","Battlewing Mystic","dmu","Near Mint","English","","","2023-10-26 21:38:17.963000","43","False","False","0.05"
"1","1","Beanstalk Giant // Fertile Footsteps","cmm","Near Mint","English","","","2023-10-26 21:38:17.963000","275","False","False","0.14"
"1","1","Beast of Burden","9ed","Near Mint","English","","","2023-10-30 21:48:27.477000","288","False","False",""
"3","3","Beast Whisperer","khc","Near Mint","English","","","2023-10-26 21:38:17.963000","54","False","False","3.36"
"3","3","Beast Within","onc","Near Mint","English","","","2023-10-26 21:38:17.963000","104","False","False","1.05"
"1","1","Beastbreaker of Bala Ged","ddp","Near Mint","English","","","2023-10-26 21:38:17.963000","10","False","False","0.05"
"2","2","Beastmaster Ascension","ncc","Near Mint","English","","","2023-10-26 21:38:17.963000","283","False","False","3.92"
"5","5","Beck // Call","dgm","Near Mint","English","","","2023-10-26 21:38:17.963000","123","False","False","0.33"
"2","2","Become Immense","uma","Near Mint","English","","","2023-10-26 21:38:17.963000","157","False","False","0.21"
"1","1","Bedeck // Bedazzle","rna","Near Mint","English","","","2023-10-26 21:38:17.963000","221","False","False","0.07"
"2","2","Bedevil","dmc","Near Mint","English","","","2023-10-26 21:38:17.963000","144","False","False","0.50"
"2","2","Beetleback Chief","cm2","Near Mint","English","","","2023-10-26 21:38:17.963000","83","False","False","0.34"
"2","2","Belfry Spirit","gk2","Near Mint","English","","","2023-10-26 21:38:17.963000","29","False","False","0.13"
"1","1","Belligerent Brontodon","xln","Near Mint","English","","","2023-10-26 21:38:17.963000","218","False","False","0.09"
"2","2","Bellowing Aegisaur","xln","Near Mint","English","","","2023-10-26 21:38:17.963000","4","False","False","0.36"
"1","1","Bellowing Saddlebrute","ktk","Near Mint","English","","","2023-10-26 21:38:17.963000","64","False","False","0.04"
"1","1","Bellowing Tanglewurm","som","Near Mint","English","","","2023-10-26 21:38:17.963000","111","False","False","0.53"
"1","1","Benevolent Hydra","j22","Near Mint","English","","","2023-10-26 21:38:17.963000","38","False","False","11.66"
"3","3","Benevolent Offering","voc","Near Mint","English","","","2023-10-26 21:38:17.963000","78","False","False","0.36"
"1","1","Bhaal, Lord of Murder","clb","Near Mint","English","","","2023-10-26 21:38:17.963000","268","False","False","0.09"
"4","4","Bident of Thassa","a25","Near Mint","English","","","2023-10-26 21:38:17.963000","42","False","False","1.48"
"1","1","Big Score","snc","Near Mint","English","","","2023-10-26 21:38:17.963000","102","False","False","1.07"
"1","1","Bile Blight","bng","Near Mint","English","","","2023-10-26 21:38:17.963000","61","False","False","0.08"
"1","1","Bilious Skulldweller","one","Near Mint","English","","","2023-10-26 21:38:17.963000","83","False","False","0.12"
"1","1","Biogenic Upgrade","2x2","Near Mint","English","","","2023-10-26 21:38:17.963000","137","False","False","0.07"
"2","2","Biomancer's Familiar","rna","Near Mint","English","","","2023-10-26 21:38:17.963000","158","False","False","0.70"
"1","1","Biomantic Mastery","c15","Near Mint","English","","","2023-10-26 21:38:17.963000","239","False","False","0.27"
"2","2","Biovisionary","gtc","Near Mint","English","","","2023-10-26 21:38:17.963000","146","False","False","0.67"
"1","1","Bird Maiden","5ed","Near Mint","English","","","2023-10-26 21:38:17.963000","211","False","False","0.08"
"1","1","Birds of Paradise","m12","Near Mint","English","","","2023-10-30 21:40:12.583000","165","False","False",""
"3","3","Birthing Pod","nph","Near Mint","English","","","2023-10-26 21:38:17.963000","104","False","False","8.83"
"1","1","Bishop of Binding","rix","Near Mint","English","","","2023-10-26 21:38:17.963000","2","False","False","0.19"
"2","2","Bishop of Rebirth","xln","Near Mint","English","","","2023-10-26 21:38:17.963000","5","False","False","0.35"
"4","4","Bishop of the Bloodstained","xln","Near Mint","English","","","2023-10-26 21:38:17.963000","91","False","False","0.09"
"1","1","Bitter Chill","woe","Near Mint","English","","","2023-10-26 21:38:17.963000","44","False","False","0.03"
"1","1","Black Dragon","afr","Near Mint","English","","","2023-10-26 21:38:17.963000","90","False","False","0.04"
"2","2","Black Market","clb","Near Mint","English","","","2023-10-26 21:38:17.963000","739","False","False","2.88"
"1","1","Black Oak of Odunos","bng","Near Mint","English","","","2023-10-26 21:38:17.963000","62","False","False","0.11"
"2","2","Black Sun's Twilight","one","Near Mint","English","","","2023-10-26 21:38:17.963000","84","False","False","0.42"
"1","1","Black Sun's Zenith","mbs","Near Mint","English","","","2023-10-30 21:48:27.477000","39","False","False",""
"3","3","Blackblade Reforged","dmc","Near Mint","English","","","2023-10-26 21:38:17.963000","178","False","False","0.32"
"1","1","Blackcleave Cliffs","one","Near Mint","English","","","2023-10-26 21:38:17.963000","248","False","False","3.34"
"1","1","Blacksmith's Skill","mh2","Near Mint","English","","","2023-10-26 21:38:17.963000","6","False","False","0.12"
"1","1","Bladebrand","mid","Near Mint","English","","","2023-10-26 21:38:17.963000","87","False","False","0.01"
"1","1","Bladed Ambassador","one","Near Mint","English","","","2023-10-26 21:38:17.963000","5","False","False","0.01"
"2","2","Bladegriff Prototype","cmr","Near Mint","English","","","2023-10-26 21:38:17.963000","300","False","False","0.16"
"2","2","Blades of Velis Vel","mm2","Near Mint","English","","","2023-10-26 21:38:17.963000","105","False","False","0.19"
"1","1","Blanchwood Armor","bro","Near Mint","English","","","2023-10-26 21:38:17.963000","171","False","False","0.07"
"3","3","Blasphemous Act","cmm","Near Mint","English","","","2023-10-26 21:38:17.963000","872","False","False","2.25"
"1","1","Blast-Furnace Hellkite","brc","Near Mint","English","","","2023-10-26 21:38:17.963000","12","False","False","1.16"
"1","1","Blaze Commando","dgm","Near Mint","English","","","2023-10-26 21:38:17.963000","56","False","False","0.14"
"1","1","Blazing Archon","c16","Near Mint","English","","","2023-11-13 22:47:43.173000","58","False","False",""
"1","1","Blessed Reincarnation","dtk","Near Mint","English","","","2023-10-26 21:38:17.963000","47","False","False","0.13"
"1","1","Blessed Spirits","ori","Near Mint","English","","","2023-10-26 21:38:17.963000","7","False","False","0.04"
"1","1","Blight Pile","dmu","Near Mint","English","","","2023-10-26 21:38:17.963000","82","False","False","0.02"
"1","1","Blightbelly Rat","one","Near Mint","English","","","2023-10-26 21:38:17.963000","85","False","False","0.11"
"4","4","Blighted Agent","nph","Near Mint","English","","","2023-10-26 21:38:17.963000","29","False","False","0.69"
"2","2","Blighted Woodland","clb","Near Mint","English","","","2023-10-26 21:38:17.963000","881","False","False","0.15"
"1","1","Blightning","a25","Near Mint","English","","","2023-10-26 21:38:17.963000","198","False","False","0.19"
"1","1","Blind Obedience","c17","Near Mint","English","","","2023-10-26 21:38:17.963000","57","False","False","5.26"
"1","1","Blink Dog","afr","Near Mint","English","","","2023-10-26 21:38:17.963000","3","False","False","0.04"
"2","2","Blink of an Eye","dom","Near Mint","English","","","2023-10-26 21:38:17.963000","46","False","False","0.12"
"1","1","Blinkmoth Well","mrd","Near Mint","English","","","2023-10-26 21:38:17.963000","279","False","False","0.24"
"1","1","Bloated Contaminator","one","Near Mint","English","","","2023-10-26 21:38:17.963000","159","False","False","2.07"
"2","2","Blood Baron of Vizkopa","ima","Near Mint","English","","","2023-10-26 21:38:17.963000","195","False","False","0.31"
"1","1","Blood Crypt","rna","Near Mint","English","","","2023-10-26 21:38:17.963000","245","False","False","16.02"
"2","2","Blood Hypnotist","vow","Near Mint","English","","","2023-10-26 21:38:17.963000","145","False","False","0.02"
"1","1","Blood Lust","5ed","Near Mint","English","","","2023-10-26 21:38:17.963000","212","False","False","0.18"
"1","1","Blood Mist","emn","Near Mint","English","","","2023-10-26 21:38:17.963000","119","False","False","0.22"
"1","1","Blood Moon","wot","Near Mint","English","","","2023-11-13 22:48:58.877000","40","False","False",""
"1","1","Blood Pact","mid","Near Mint","English","","","2023-10-26 21:38:17.963000","88","False","False","0.08"
"1","1","Blood Servitor","vow","Near Mint","English","","","2023-10-26 21:38:17.963000","252","False","False","0.02"
"2","2","Blood Tribute","c17","Near Mint","English","","","2023-10-26 21:38:17.963000","100","False","False","1.84"
"1","1","Bloodboil Sorcerer","clb","Near Mint","English","","","2023-10-26 21:38:17.963000","164","False","False","0.07"
"1","1","Bloodbond Vampire","e02","Near Mint","English","","","2023-10-26 21:38:17.963000","15","False","False","0.11"
"1","1","Bloodbraid Marauder","mh2","Near Mint","English","","","2023-10-26 21:38:17.963000","116","False","False","0.04"
"2","2","Blood-Cursed Knight","ori","Near Mint","English","","","2023-10-26 21:38:17.963000","211","False","False","0.14"
"2","2","Bloodfire Enforcers","frf","Near Mint","English","","","2023-10-26 21:38:17.963000","93","False","False","0.04"
"1","1","Bloodhall Priest","c19","Near Mint","English","","","2023-10-26 21:38:17.963000","188","False","False","0.12"
"2","2","Bloodline Necromancer","voc","Near Mint","English","","","2023-10-26 21:38:17.963000","120","False","False","6.29"
"1","1","Bloodline Pretender","moc","Near Mint","English","","","2023-10-26 21:38:17.963000","350","False","False","0.35"
"1","1","Bloodlord of Vaasgoth","voc","Near Mint","English","","","2023-10-26 21:38:17.963000","121","False","False","0.31"
"1","1","Bloodrage Brawler","akh","Near Mint","English","","","2023-10-26 21:38:17.963000","121","False","False","0.06"
"3","3","Bloodspore Thrinax","cmm","Near Mint","English","","","2023-10-26 21:38:17.963000","276","False","False","0.20"
"3","3","Bloodstained Mire","ktk","Near Mint","English","","","2023-10-26 21:38:17.963000","230","False","False","28.57"
"2","2","Bloodthirsty Aerialist","c21","Near Mint","English","","","2023-10-26 21:38:17.963000","136","False","False","0.26"
"3","3","Bloodthirsty Blade","clb","Near Mint","English","","","2023-10-26 21:38:17.963000","854","False","False","0.15"
"1","1","Bloodtithe Harvester","vow","Near Mint","English","","","2023-10-26 21:38:17.963000","232","False","False","0.30"
"1","1","Bloodtracker","voc","Near Mint","English","","","2023-10-26 21:38:17.963000","122","False","False","0.18"
"3","3","Bloodwater Entity","2x2","Near Mint","English","","","2023-10-26 21:38:17.963000","185","False","False","0.05"
"1","1","Blooming Marsh","kld","Near Mint","English","","","2023-10-26 21:38:17.963000","243","False","False","5.52"
"1","1","Blossom Prancer","neo","Near Mint","English","","","2023-10-26 21:38:17.963000","175","False","False","0.04"
"1","1","Blossoming Calm","mh2","Near Mint","English","","","2023-10-26 21:38:17.963000","7","False","False","0.12"
"1","1","Blossoming Sands","mom","Near Mint","English","","","2023-10-26 21:38:17.963000","268","False","False","0.08"
"1","1","Blue Dragon","afr","Near Mint","English","","","2023-10-26 21:38:17.963000","49","False","False","0.10"
"1","1","Blue Sun's Twilight","one","Near Mint","English","","","2023-10-26 21:38:17.963000","43","False","False","0.55"
"1","1","Boarded Window","vow","Near Mint","English","","","2023-10-26 21:38:17.963000","253","False","False","0.02"
"2","2","Body of Research","stx","Near Mint","English","","","2023-10-26 21:38:17.963000","168","False","False","0.55"
"1","1","Bogbrew Witch","ima","Near Mint","English","","","2023-10-26 21:38:17.963000","83","False","False","0.08"
"7","7","Bojuka Bog","woc","Near Mint","English","","","2023-10-26 21:38:17.963000","152","False","False","0.99"
"2","2","Bold Plagiarist","c21","Near Mint","English","","","2023-10-26 21:38:17.963000","37","False","False","0.13"
"1","1","Bolrac-Clan Crusher","rna","Near Mint","English","","","2023-10-26 21:38:17.963000","159","False","False","0.02"
"1","1","Bolt Bend","war","Near Mint","English","","","2023-10-26 21:38:17.963000","115","False","False","1.22"
"2","2","Bolt Hound","m21","Near Mint","English","","","2023-10-26 21:38:17.963000","131","False","False","0.19"
"3","3","Boltwing Marauder","dtk","Near Mint","English","","","2023-10-26 21:38:17.963000","214","False","False","0.23"
"1","1","Bond of Discipline","war","Near Mint","English","","","2023-10-26 21:38:17.963000","6","False","False","0.21"
"1","1","Bond of Passion","war","Near Mint","English","","","2023-10-26 21:38:17.963000","116","False","False","0.03"
"4","4","Bone Picker","2xm","Near Mint","English","","","2023-10-26 21:38:17.963000","78","False","False","0.07"
"1","1","Bone Shredder","moc","Near Mint","English","","","2023-10-26 21:38:17.963000","247","False","False","0.04"
"1","1","Bone Splinters","dmu","Near Mint","English","","","2023-10-26 21:38:17.963000","83","False","False","0.03"
"1","1","Bonehoard","nec","Near Mint","English","","","2023-10-26 21:38:17.963000","147","False","False","0.19"
"1","1","Bonescythe Sliver","cmm","Near Mint","English","","","2023-10-26 21:38:17.963000","815","False","False","1.01"
"2","2","Bontu's Monument","dmc","Near Mint","English","","","2023-10-26 21:38:17.963000","179","False","False","5.10"
"1","1","Boots of Speed","afr","Near Mint","English","","","2023-10-26 21:38:17.963000","133","False","False","0.05"
"4","4","Boreas Charger","voc","Near Mint","English","","","2023-10-26 21:38:17.963000","79","False","False","0.09"
"1","1","Born to Drive","neo","Near Mint","English","","","2023-10-26 21:38:17.963000","6","False","False","0.05"
"3","3","Boros Charm","onc","Near Mint","English","","","2023-10-26 21:38:17.963000","116","False","False","2.79"
"1","1","Boros Cluestone","cm2","Near Mint","English","","","2023-10-26 21:38:17.963000","175","False","False","0.20"
"1","1","Boros Elite","gk1","Near Mint","English","","","2023-10-26 21:38:17.963000","78","False","False","0.28"
"2","2","Boros Garrison","onc","Near Mint","English","","","2023-10-26 21:38:17.963000","146","False","False","0.17"
"1","1","Boros Keyrune","gk1","Near Mint","English","","","2023-10-26 21:38:17.963000","96","False","False","0.24"
"1","1","Boros Locket","c21","Near Mint","English","","","2023-10-26 21:38:17.963000","236","False","False","0.07"
"1","1","Boros Reckoner","gk1","Near Mint","English","","","2023-10-26 21:38:17.963000","85","False","False","1.01"
"1","1","Bortuk Bonerattle","dmu","Near Mint","English","","","2023-10-26 21:38:17.963000","197","False","False","0.03"
"1","1","Bosh, Iron Golem","c21","Near Mint","English","","","2023-10-26 21:38:17.963000","237","False","False","0.09"
"2","2","Bouncer's Beatdown","snc","Near Mint","English","","","2023-10-26 21:38:17.963000","135","False","False","0.03"
"2","2","Bountiful Promenade","clb","Near Mint","English","","","2023-10-26 21:38:17.963000","348","False","False","8.66"
"6","6","Bounty of the Luxa","2x2","Near Mint","English","","","2023-10-26 21:38:17.963000","187","False","False","0.07"
"3","3","Brackish Trudge","stx","Near Mint","English","","","2023-10-26 21:38:17.963000","65","False","False","0.02"
"1","1","Brainstealer Dragon","clb","Near Mint","English","","","2023-10-26 21:38:17.963000","670","False","False","2.58"
"2","2","Brainstone","mh2","Near Mint","English","","","2023-10-26 21:38:17.963000","223","False","False","0.10"
"3","3","Brainstorm","afc","Near Mint","English","","","2023-10-26 21:38:17.963000","79","False","False","1.00"
"1","1","Bramblecrush","m14","Near Mint","English","","","2023-10-26 21:38:17.963000","165","False","False","0.10"
"1","1","Brass Herald","cmr","Near Mint","English","","","2023-11-13 22:47:36.663000","301","False","False",""
"2","2","Brass Knuckles","cmm","Near Mint","English","","","2023-10-26 21:38:17.963000","372","False","False","0.08"
"2","2","Brave the Sands","cm2","Near Mint","English","","","2023-10-26 21:38:17.963000","19","False","False","2.82"
"4","4","Brazen Upstart","snc","Near Mint","English","","","2023-10-26 21:38:17.963000","169","False","False","0.01"
"4","4","Break Through the Line","frf","Near Mint","English","","","2023-10-26 21:38:17.963000","94","False","False","0.24"
"1","1","Breaking // Entering","dgm","Near Mint","English","","","2023-10-26 21:38:17.963000","124","False","False","0.23"
"1","1","Breakthrough","2x2","Near Mint","English","","","2023-10-26 21:38:17.963000","41","False","False","0.10"
"2","2","Breath of Dreams","ice","Near Mint","English","","","2023-10-26 21:38:17.963000","62","False","False","0.17"
"2","2","Breath of the Sleepless","voc","Near Mint","English","","","2023-10-26 21:38:17.963000","11","False","False","0.08"
"2","2","Bred for the Hunt","cm2","Near Mint","English","","","2023-10-26 21:38:17.963000","151","False","False","0.33"
"2","2","Breeding Pool","rna","Near Mint","English","","","2023-10-26 21:38:17.963000","246","False","False","17.79"
"2","2","Breena, the Demagogue","c21","Near Mint","English","foil","","2023-10-26 21:38:17.963000","1","False","False","4.18"
"2","2","Bride's Gown","vow","Near Mint","English","","","2023-10-26 21:38:17.963000","4","False","False","0.03"
"1","1","Bright Reprisal","xln","Near Mint","English","","","2023-10-26 21:38:17.963000","7","False","False","0.04"
"3","3","Brightmare","j22","Near Mint","English","","","2023-10-26 21:38:17.963000","159","False","False","0.06"
"1","1","Brindle Shoat","2x2","Near Mint","English","","","2023-10-26 21:38:17.963000","139","False","False","0.01"
"1","1","Brinelin, the Moon Kraken","cmm","Near Mint","English","","","2023-10-26 21:38:17.963000","78","False","False","0.13"
"3","3","Brokers Charm","snc","Near Mint","English","","","2023-10-26 21:38:17.963000","171","False","False","0.08"
"2","2","Brokers Hideout","snc","Near Mint","English","","","2023-10-26 21:38:17.963000","248","False","False","0.27"
"3","3","Bronze Cudgels","neo","Near Mint","English","","","2023-10-26 21:38:17.963000","240","False","False","0.01"
"3","3","Bronze Guardian","c21","Near Mint","English","","","2023-10-26 21:38:17.963000","13","False","False","0.66"
"1","1","Broodbirth Viper","c15","Near Mint","English","","","2023-10-26 21:38:17.963000","10","False","False","0.24"
"1","1","Brudiclad, Telchor Engineer","2xm","Near Mint","English","","","2023-10-26 21:38:17.963000","193","False","False","0.41"
"2","2","Bruenor Battlehammer","afr","Near Mint","English","","","2023-10-26 21:38:17.963000","219","False","False","0.29"
"2","2","Brushfire Elemental","znr","Near Mint","English","","","2023-10-26 21:38:17.963000","221","False","False","0.08"
"2","2","Brushland","bro","Near Mint","English","","","2023-10-26 21:38:17.963000","259","False","False","2.26"
"1","1","Brute Strength","akh","Near Mint","English","","","2023-11-12 16:02:51.627000","122","False","False",""
"1","1","Bucknard's Everfull Purse","afc","Near Mint","English","","","2023-10-26 21:38:17.963000","57","False","False","0.53"
"1","1","Bull Elephant","vis","Near Mint","English","","","2023-10-26 21:38:17.963000","101","False","False","0.17"
"2","2","Bump in the Night","ddk","Near Mint","English","","","2023-10-26 21:38:17.963000","57","False","False","0.34"
"1","1","Buried Ruin","onc","Near Mint","English","","","2023-10-26 21:38:17.963000","147","False","False","0.98"
"1","1","Burlfist Oak","m21","Near Mint","English","","","2023-10-26 21:38:17.963000","174","False","False","0.03"
"1","1","Burn Away","cn2","Near Mint","English","","","2023-10-26 21:38:17.963000","151","False","False","0.05"
"1","1","Burning Hands","afr","Near Mint","English","","","2023-10-26 21:38:17.963000","135","False","False","0.05"
"10","10","Burning Sun's Avatar","xln","Near Mint","English","","","2023-10-26 21:38:17.963000","135","False","False","0.32"
"1","1","Burning Vengeance","c19","Near Mint","English","","","2023-10-26 21:38:17.963000","135","False","False","0.02"
"1","1","Burning Wish","cn2","Near Mint","English","","","2023-10-26 21:38:17.963000","152","False","False","0.56"
"2","2","Burning-Fist Minotaur","hou","Near Mint","English","","","2023-10-26 21:38:17.963000","85","False","False","0.05"
"2","2","Burning-Tree Emissary","2x2","Near Mint","English","","","2023-10-26 21:38:17.963000","189","False","False","0.12"
"4","4","Burnished Hart","cmm","Near Mint","English","","","2023-10-26 21:38:17.963000","373","False","False","0.12"
"1","1","Butcher of Malakir","clb","Near Mint","English","","","2023-10-26 21:38:17.963000","741","False","False","0.21"
"2","2","By Force","akh","Near Mint","English","","","2023-10-26 21:38:17.963000","123","False","False","0.60"
"2","2","Bygone Bishop","clb","Near Mint","English","","","2023-10-26 21:38:17.963000","689","False","False","0.08"
"1","1","Cabal Patriarch","cmm","Near Mint","English","","","2023-10-26 21:38:17.963000","140","False","False","0.05"
"1","1","Cabal Therapist","mh1","Near Mint","English","","","2023-10-26 21:38:17.963000","80","False","False","0.22"
"1","1","Cabaretti Ascendancy","snc","Near Mint","English","","","2023-10-26 21:38:17.963000","172","False","False","0.13"
"3","3","Cabaretti Charm","snc","Near Mint","English","","","2023-10-26 21:38:17.963000","173","False","False","0.04"
"3","3","Cabaretti Courtyard","snc","Near Mint","English","","","2023-10-26 21:38:17.963000","249","False","False","0.24"
"1","1","Cackling Counterpart","c14","Near Mint","English","","","2023-10-30 21:48:27.477000","100","False","False",""
"2","2","Cadira, Caller of the Small","clb","Near Mint","English","","","2023-10-26 21:38:17.963000","269","False","False","0.14"
"2","2","Calamity's Wake","bro","Near Mint","English","","","2023-10-26 21:38:17.963000","4","False","False","0.13"
"1","1","Calciderm","tsr","Near Mint","English","","","2023-10-26 21:38:17.963000","11","False","False","0.02"
"2","2","Calibrated Blast","mh2","Near Mint","English","","","2023-10-26 21:38:17.963000","118","False","False","0.08"
"1","1","Call for Unity","aer","Near Mint","English","","","2023-10-26 21:38:17.963000","9","False","False","0.20"
"3","3","Call In a Professional","snc","Near Mint","English","","","2023-10-26 21:38:17.963000","103","False","False","0.02"
"1","1","Call of the Nightwing","gk1","Near Mint","English","","","2023-10-26 21:38:17.963000","8","False","False","0.21"
"2","2","Call the Bloodline","soi","Near Mint","English","","","2023-10-26 21:38:17.963000","103","False","False","0.13"
"2","2","Call to the Feast","2x2","Near Mint","English","","","2023-10-26 21:38:17.963000","190","False","False","0.06"
"3","3","Call to the Void","clb","Near Mint","English","","","2023-10-26 21:38:17.963000","118","False","False","0.05"
"1","1","Caller of the Claw","c15","Near Mint","English","","","2023-10-26 21:38:17.963000","177","False","False","1.52"
"1","1","Caller of the Pack","cma","Near Mint","English","","","2023-10-26 21:38:17.963000","94","False","False","0.34"
"1","1","Callous Bloodmage","stx","Near Mint","English","","","2023-10-26 21:38:17.963000","66","False","False","0.14"
"1","1","Callous Sell-Sword // Burn Together","woe","Near Mint","English","","","2023-10-26 21:38:17.963000","221","False","False","0.07"
"1","1","Campfire","cmm","Near Mint","English","","","2023-10-26 21:38:17.963000","374","False","False","0.07"
"4","4","Cancel","m21","Near Mint","English","","","2023-10-26 21:38:17.963000","46","False","False","0.03"
"2","2","Candlekeep Inspiration","clb","Near Mint","English","","","2023-10-26 21:38:17.963000","59","False","False","0.11"
"1","1","Cankerbloom","one","Near Mint","English","","","2023-10-26 21:38:17.963000","161","False","False","0.50"
"1","1","Canoptek Wraith","40k","Near Mint","English","","","2023-10-30 21:48:27.477000","153","False","False",""
"3","3","Caprichrome","mh2","Near Mint","English","","","2023-10-26 21:38:17.963000","9","False","False","0.02"
"2","2","Capricopian","c20","Near Mint","English","","","2023-10-26 21:38:17.963000","58","False","False","0.86"
"2","2","Captain Lannery Storm","dmc","Near Mint","English","","","2023-10-26 21:38:17.963000","120","False","False","0.13"
"2","2","Captain N'ghathrod","clb","Near Mint","English","foil","","2023-10-26 21:38:17.963000","646","False","False","0.65"
"4","4","Captain Ripley Vance","cmm","Near Mint","English","","","2023-10-26 21:38:17.963000","209","False","False","0.08"
"1","1","Captivating Crew","c20","Near Mint","English","","","2023-10-26 21:38:17.963000","144","False","False","0.46"
"1","1","Carapace","5ed","Near Mint","English","","","2023-10-26 21:38:17.963000","281","False","False","0.33"
"1","1","Caravan Escort","ddp","Near Mint","English","","","2023-10-26 21:38:17.963000","3","False","False","0.12"
"2","2","Carnage Gladiator","mm3","Near Mint","English","","","2023-10-26 21:38:17.963000","155","False","False","0.16"
"1","1","Carnivorous Plant","ath","Near Mint","English","","","2023-10-26 21:38:17.963000","53","False","False","0.18"
"2","2","Carrion Grub","cmm","Near Mint","English","","","2023-10-26 21:38:17.963000","143","False","False","0.04"
"2","2","Cartel Aristocrat","2x2","Near Mint","English","","","2023-10-26 21:38:17.963000","191","False","False","0.06"
"1","1","Cartouche of Zeal","akh","Near Mint","English","","","2023-10-26 21:38:17.963000","124","False","False","0.06"
"2","2","Cascading Cataracts","dmc","Near Mint","English","","","2023-10-26 21:38:17.963000","202","False","False","2.55"
"1","1","Cast Out","cmm","Near Mint","English","","","2023-10-26 21:38:17.963000","816","False","False","0.07"
"1","1","Casualties of War","khc","Near Mint","English","","","2023-10-26 21:38:17.963000","83","False","False","1.08"
"1","1","Cathartic Reunion","mb1","Near Mint","English","","","2023-10-30 21:48:27.477000","882","False","False",""
"2","2","Cavalcade of Calamity","rna","Near Mint","English","","","2023-10-26 21:38:17.963000","95","False","False","0.16"
"1","1","Cave of the Frost Dragon","afr","Near Mint","English","","","2023-10-26 21:38:17.963000","253","False","False","0.61"
"2","2","Caves of Chaos Adventurer","clb","Near Mint","English","","","2023-10-26 21:38:17.963000","167","False","False","0.26"
"5","5","Caves of Koilos","dmu","Near Mint","English","","","2023-10-26 21:38:17.963000","244","False","False","0.46"
"5","5","Cement Shoes","snc","Near Mint","English","","","2023-10-26 21:38:17.963000","235","False","False","0.01"
"3","3","Censor","akh","Near Mint","English","","","2023-10-26 21:38:17.963000","46","False","False","0.12"
"1","1","Centaur Chieftain","ema","Near Mint","English","","","2023-10-26 21:38:17.963000","160","False","False","0.10"
"2","2","Cephalopod Sentry","one","Near Mint","English","","","2023-10-26 21:38:17.963000","198","False","False","0.03"
"1","1","Chain Reaction","onc","Near Mint","English","","","2023-10-26 21:38:17.963000","97","False","False","0.52"
"3","3","Chained Brute","jmp","Near Mint","English","","","2023-10-26 21:38:17.963000","19","False","False","0.03"
"1","1","Chainer, Nightmare Adept","mh2","Near Mint","English","","","2023-10-26 21:38:17.963000","289","False","False","0.30"
"2","2","Chameleon Colossus","afc","Near Mint","English","","","2023-10-26 21:38:17.963000","153","False","False","0.76"
"1","1","Champion of Dusk","voc","Near Mint","English","","","2023-10-26 21:38:17.963000","124","False","False","0.26"
"4","4","Champion of Lambholt","moc","Near Mint","English","","","2023-10-26 21:38:17.963000","293","False","False","0.48"
"1","1","Champion of Rhonas","akh","Near Mint","English","","","2023-10-26 21:38:17.963000","159","False","False","0.30"
"4","4","Champion of Stray Souls","c19","Near Mint","English","","","2023-10-26 21:38:17.963000","109","False","False","0.19"
"5","5","Champion of Wits","ncc","Near Mint","English","","","2023-10-26 21:38:17.963000","213","False","False","0.07"
"1","1","Chancellor of Tales","woe","Near Mint","English","","","2023-10-26 21:38:17.963000","45","False","False","0.04"
"1","1","Chancellor of the Dross","nph","Near Mint","English","","","2023-10-26 21:38:17.963000","54","False","False","1.66"
"1","1","Chandra's Defeat","hou","Near Mint","English","","","2023-10-26 21:38:17.963000","86","False","False","0.07"
"2","2","Chandra's Pyreling","m21","Near Mint","English","","","2023-10-26 21:38:17.963000","138","False","False","0.02"
"1","1","Chandra's Spitfire","m20","Near Mint","English","","","2023-10-26 21:38:17.963000","132","False","False","0.08"
"1","1","Chandra's Triumph","war","Near Mint","English","","","2023-10-26 21:38:17.963000","121","False","False","0.10"
"4","4","Change of Fortune","vow","Near Mint","English","","","2023-10-26 21:38:17.963000","150","False","False","0.20"
"1","1","Channel","ima","Near Mint","English","","","2023-10-26 21:38:17.963000","157","False","False","0.43"
"3","3","Channel Harm","frf","Near Mint","English","","","2023-10-26 21:38:17.963000","7","False","False","0.06"
"1","1","Channeler Initiate","akh","Near Mint","English","","","2023-10-26 21:38:17.963000","160","False","False","0.24"
"1","1","Chant of Vitu-Ghazi","moc","Near Mint","English","","","2023-10-26 21:38:17.963000","177","False","False","0.07"
"1","1","Chaos Channeler","afr","Near Mint","English","","","2023-10-26 21:38:17.963000","136","False","False","0.03"
"1","1","Chaos Maw","hou","Near Mint","English","","","2023-10-26 21:38:17.963000","87","False","False","0.12"
"1","1","Chaos Wand","clb","Near Mint","English","","","2023-10-26 21:38:17.963000","855","False","False","0.19"
"2","2","Chaos Warp","moc","Near Mint","English","","","2023-10-26 21:38:17.963000","273","False","False","0.98"
"1","1","Charforger","one","Near Mint","English","","","2023-10-26 21:38:17.963000","199","False","False","0.04"
"1","1","Charging Griffin","ori","Near Mint","English","","","2023-10-26 21:38:17.963000","9","False","False","0.03"
"1","1","Charmbreaker Devils","c21","Near Mint","English","","","2023-10-26 21:38:17.963000","162","False","False","0.13"
"1","1","Chart a Course","xln","Near Mint","English","","","2023-10-26 21:38:17.963000","48","False","False","0.24"
"5","5","Chasm Skulker","moc","Near Mint","English","","","2023-10-26 21:38:17.963000","218","False","False","0.64"
"1","1","Chatterfang, Squirrel General","mh2","Near Mint","English","","","2023-10-26 21:38:17.963000","151","False","False","7.00"
"1","1","Check for Traps","afr","Near Mint","English","","","2023-10-26 21:38:17.963000","92","False","False","0.05"
"1","1","Cheeky House-Mouse // Squeak By","woe","Near Mint","English","","","2023-10-26 21:38:17.963000","7","False","False","0.03"
"2","2","Chemister's Insight","c20","Near Mint","English","","","2023-10-26 21:38:17.963000","108","False","False","0.11"
"1","1","Chief of the Foundry","2xm","Near Mint","English","","","2023-10-26 21:38:17.963000","238","False","False","0.18"
"1","1","Childhood Horror","ody","Near Mint","English","","","2023-10-26 21:38:17.963000","123","False","False","0.22"
"1","1","Chilling Grasp","emn","Near Mint","English","","","2023-10-26 21:38:17.963000","50","False","False","0.08"
"2","2","Chishiro, the Shattered Blade","nec","Near Mint","English","","","2023-10-26 21:38:17.963000","1","False","False","0.28"
"1","1","Chiss-Goria, Forge Tyrant","onc","Near Mint","English","","","2023-10-30 21:48:27.477000","25","False","False",""
"1","1","Chitterspitter","mh2","Near Mint","English","","","2023-10-26 21:38:17.963000","153","False","False","0.30"
"2","2","Choked Estuary","woc","Near Mint","English","","","2023-10-26 21:38:17.963000","155","False","False","0.20"
"1","1","Choking Miasma","dmu","Near Mint","English","","","2023-10-26 21:38:17.963000","86","False","False","0.03"
"1","1","Choose Your Weapon","afr","Near Mint","English","","","2023-10-26 21:38:17.963000","175","False","False","0.10"
"3","3","Chromatic Star","tsr","Near Mint","English","","","2023-10-26 21:38:17.963000","263","False","False","0.24"
"1","1","Chrome Courier","mh2","Near Mint","English","","","2023-10-26 21:38:17.963000","190","False","False","0.03"
"1","1","Chrome Replicator","m21","Near Mint","English","","","2023-10-26 21:38:17.963000","229","False","False","0.02"
"2","2","Chub Toad","5ed","Near Mint","English","","","2023-10-26 21:38:17.963000","283","False","False","0.17"
"2","2","Chulane, Teller of Tales","eld","Near Mint","English","","","2023-10-26 21:38:17.963000","326","False","False","9.63"
"2","2","Cinder Elemental","gtc","Near Mint","English","","","2023-10-26 21:38:17.963000","87","False","False","0.03"
"1","1","Cinder Glade","cmm","Near Mint","English","","","2023-10-26 21:38:17.963000","991","False","False","0.43"
"2","2","Circle of Confinement","vow","Near Mint","English","","","2023-10-26 21:38:17.963000","7","False","False","0.02"
"4","4","Circle of Dreams Druid","afr","Near Mint","English","","","2023-10-26 21:38:17.963000","176","False","False","5.57"
"1","1","Circle of Elders","dtk","Near Mint","English","","","2023-10-26 21:38:17.963000","176","False","False","0.07"
"2","2","Circuit Mender","neo","Near Mint","English","","","2023-10-26 21:38:17.963000","242","False","False","0.17"
"1","1","Circuitous Route","znc","Near Mint","English","","","2023-10-26 21:38:17.963000","62","False","False","0.55"
"2","2","Citadel Siege","mic","Near Mint","English","","","2023-10-26 21:38:17.963000","81","False","False","0.17"
"1","1","Claim // Fame","hou","Near Mint","English","","","2023-10-26 21:38:17.963000","150","False","False","0.11"
"4","4","Clamor Shaman","rna","Near Mint","English","","","2023-10-26 21:38:17.963000","96","False","False","0.06"
"2","2","Clan Defiance","c16","Near Mint","English","","","2023-10-26 21:38:17.963000","187","False","False","0.30"
"1","1","Clan Guildmage","rna","Near Mint","English","","","2023-10-26 21:38:17.963000","162","False","False","0.04"
"2","2","Clattering Augur","mh2","Near Mint","English","","","2023-10-26 21:38:17.963000","79","False","False","0.07"
"1","1","Claustrophobia","bbd","Near Mint","English","","","2023-10-26 21:38:17.963000","115","False","False","0.02"
"5","5","Cleansing Nova","cmm","Near Mint","English","","","2023-10-26 21:38:17.963000","817","False","False","0.48"
"2","2","Clear the Stage","rna","Near Mint","English","","","2023-10-26 21:38:17.963000","68","False","False","0.07"
"1","1","Cleaver Riot","ddt","Near Mint","English","","","2023-10-26 21:38:17.963000","36","False","False","0.10"
"1","1","Cleaving Skyrider","dmu","Near Mint","English","","","2023-10-26 21:38:17.963000","12","False","False","0.03"
"3","3","Cleric Class","afr","Near Mint","English","","","2023-10-26 21:38:17.963000","6","False","False","1.10"
"1","1","Cleric of Life's Bond","znr","Near Mint","English","","","2023-10-26 21:38:17.963000","222","False","False","0.07"
"1","1","Clever Impersonator","c19","Near Mint","English","","","2023-10-26 21:38:17.963000","82","False","False","2.34"
"1","1","Clever Lumimancer","stx","Near Mint","English","","","2023-10-26 21:38:17.963000","10","False","False","0.05"
"1","1","Cliffgate","clb","Near Mint","English","","","2023-10-26 21:38:17.963000","350","False","False","0.21"
"1","1","Cliffside Rescuer","c19","Near Mint","English","","","2023-10-26 21:38:17.963000","1","False","False","0.12"
"1","1","Cloak of Confusion","5ed","Near Mint","English","","","2023-10-26 21:38:17.963000","151","False","False","0.13"
"4","4","Cloaked Cadet","vow","Near Mint","English","","","2023-10-26 21:38:17.963000","192","False","False","0.02"
"5","5","Cloakwood Hermit","clb","Near Mint","English","","","2023-10-26 21:38:17.963000","221","False","False","0.08"
"1","1","Clockwork Hydra","tsr","Near Mint","English","","","2023-10-26 21:38:17.963000","264","False","False","0.12"
"1","1","Cloister Gargoyle","afr","Near Mint","English","","","2023-10-26 21:38:17.963000","7","False","False","0.04"
"1","1","Clone Legion","ncc","Near Mint","English","","","2023-10-26 21:38:17.963000","215","False","False","1.05"
"2","2","Closing Statement","stx","Near Mint","English","","","2023-10-26 21:38:17.963000","169","False","False","0.02"
"2","2","Cloud Key","tsr","Near Mint","English","","","2023-10-26 21:38:17.963000","265","False","False","2.05"
"1","1","Cloud of Faeries","woc","Near Mint","English","","","2023-10-26 21:38:17.963000","86","False","False","0.11"
"1","1","Cloudform","c18","Near Mint","English","","","2023-10-26 21:38:17.963000","83","False","False","0.14"
"1","1","Cloudkill","clb","Near Mint","English","","","2023-10-26 21:38:17.963000","121","False","False","0.07"
"1","1","Coalition Skyknight","dmu","Near Mint","English","","","2023-10-26 21:38:17.963000","14","False","False","0.01"
"3","3","Cobbled Lancer","vow","Near Mint","English","","","2023-10-26 21:38:17.963000","52","False","False","0.02"
"1","1","Cobra Trap","c15","Near Mint","English","","","2023-10-26 21:38:17.963000","180","False","False","0.18"
"2","2","Code of Constraint","rna","Near Mint","English","","","2023-10-26 21:38:17.963000","35","False","False","0.02"
"1","1","Coerced Confession","gtc","Near Mint","English","","","2023-10-26 21:38:17.963000","217","False","False","0.12"
"1","1","Coiling Oracle","dmc","Near Mint","English","","","2023-10-26 21:38:17.963000","147","False","False","0.10"
"2","2","Cold-Eyed Selkie","afc","Near Mint","English","","","2023-10-26 21:38:17.963000","183","False","False","0.18"
"1","1","Collective Brutality","emn","Near Mint","English","","","2023-10-26 21:38:17.963000","85","False","False","1.57"
"1","1","Collector's Vault","woe","Near Mint","English","","","2023-10-26 21:38:17.963000","244","False","False","0.33"
"2","2","Collision // Colossus","rna","Near Mint","English","","","2023-10-26 21:38:17.963000","223","False","False","0.09"
"1","1","Combat Calligrapher","c21","Near Mint","English","","","2023-10-26 21:38:17.963000","14","False","False","0.42"
"1","1","Combat Research","dmu","Near Mint","English","","","2023-10-26 21:38:17.963000","44","False","False","0.21"
"1","1","Combat Thresher","bro","Near Mint","English","","","2023-10-26 21:38:17.963000","35","False","False","0.06"
"1","1","Combine Guildmage","rna","Near Mint","English","","","2023-10-26 21:38:17.963000","163","False","False","0.08"
"2","2","Combustible Gearhulk","c21","Near Mint","English","","","2023-10-26 21:38:17.963000","163","False","False","0.79"
"2","2","Command Beacon","cmr","Near Mint","English","","","2023-10-26 21:38:17.963000","349","False","False","8.03"
"1","1","Command the Dreadhorde","war","Near Mint","English","","","2023-10-26 21:38:17.963000","82","False","False","0.48"
"18","18","Command Tower","woc","Near Mint","English","","","2023-10-26 21:38:17.963000","156","False","False","0.25"
"8","8","Commander's Sphere","cmm","Near Mint","English","","","2023-10-26 21:38:17.963000","377","False","False","0.13"
"1","1","Commencement of Festivities","kld","Near Mint","English","","","2023-10-26 21:38:17.963000","148","False","False","0.01"
"2","2","Commit // Memory","ncc","Near Mint","English","","","2023-10-26 21:38:17.963000","216","False","False","0.64"
"1","1","Concealing Curtains // Revealing Eye","vow","Near Mint","English","","","2023-10-26 21:38:17.963000","101","False","False","0.21"
"4","4","Concerted Defense","znr","Near Mint","English","","","2023-10-26 21:38:17.963000","52","False","False","0.06"
"1","1","Conclave Tribunal","moc","Near Mint","English","","","2023-10-26 21:38:17.963000","178","False","False","0.06"
"2","2","Condescend","ima","Near Mint","English","","","2023-10-26 21:38:17.963000","46","False","False","0.20"
"2","2","Cone of Cold","clb","Near Mint","English","","","2023-10-26 21:38:17.963000","61","False","False","0.23"
"1","1","Confirm Suspicions","soi","Near Mint","English","","","2023-10-26 21:38:17.963000","53","False","False","0.18"
"2","2","Confounding Conundrum","znr","Near Mint","English","","","2023-10-26 21:38:17.963000","53","False","False","0.13"
"1","1","Congregate","dmr","Near Mint","English","","","2023-10-26 21:38:17.963000","4","False","False","0.06"
"3","3","Consecrate // Consume","rna","Near Mint","English","","","2023-10-26 21:38:17.963000","224","False","False","0.07"
"1","1","Consecrated by Blood","ori","Near Mint","English","","","2023-10-26 21:38:17.963000","87","False","False","0.09"
"2","2","Consign // Oblivion","hou","Near Mint","English","","","2023-10-26 21:38:17.963000","149","False","False","0.38"
"1","1","Conspiracy Theorist","stx","Near Mint","English","","","2023-10-26 21:38:17.963000","94","False","False","0.24"
"4","4","Consulate Dreadnought","aer","Near Mint","English","","","2023-10-26 21:38:17.963000","146","False","False","0.24"
"1","1","Consulate Surveillance","kld","Near Mint","English","","","2023-10-26 21:38:17.963000","10","False","False","0.06"
"5","5","Consuming Aberration","clb","Near Mint","English","","","2023-10-26 21:38:17.963000","840","False","False","0.36"
"2","2","Consuming Fervor","akh","Near Mint","English","","","2023-10-26 21:38:17.963000","126","False","False","0.06"
"1","1","Containment Construct","neo","Near Mint","English","","","2023-10-26 21:38:17.963000","243","False","False","0.25"
"1","1","Containment Priest","m21","Near Mint","English","","","2023-10-26 21:38:17.963000","13","False","False","0.25"
"1","1","Contaminant Grafter","onc","Near Mint","English","","","2023-10-26 21:38:17.963000","17","False","False","1.72"
"2","2","Contortionist Troupe","mid","Near Mint","English","","","2023-10-26 21:38:17.963000","178","False","False","0.03"
"1","1","Contraband Kingpin","kld","Near Mint","English","","","2023-10-26 21:38:17.963000","177","False","False","0.11"
"1","1","Contraband Livestock","clb","Near Mint","English","","","2023-10-26 21:38:17.963000","12","False","False","0.12"
"1","1","Control Magic","cma","Near Mint","English","","","2023-10-26 21:38:17.963000","34","False","False","0.81"
"1","1","Copperhorn Scout","cn2","Near Mint","English","","","2023-10-26 21:38:17.963000","179","False","False","0.23"
"2","2","Coral Atoll","cmr","Near Mint","English","","","2023-10-26 21:38:17.963000","480","False","False","0.16"
"2","2","Cordial Vampire","voc","Near Mint","English","","","2023-10-26 21:38:17.963000","125","False","False","2.30"
"3","3","Cormela, Glamour Thief","snc","Near Mint","English","","","2023-10-26 21:38:17.963000","177","False","False","0.04"
"6","6","Corpse Appraiser","snc","Near Mint","English","","","2023-10-26 21:38:17.963000","178","False","False","0.04"
"1","1","Corpse Connoisseur","mm3","Near Mint","English","","","2023-10-26 21:38:17.963000","61","False","False","0.29"
"3","3","Corpsejack Menace","cm2","Near Mint","English","","","2023-10-26 21:38:17.963000","152","False","False","1.07"
"1","1","Corrupt","bro","Near Mint","English","","","2023-10-26 21:38:17.963000","88","False","False","0.03"
"1","1","Corrupted Conscience","mbs","Near Mint","English","","","2023-11-08 23:21:01.187000","22","False","False",""
"1","1","Council's Judgment","2xm","Near Mint","English","","","2023-10-30 21:48:27.477000","11","False","False",""
"1","1","Counterflux","c15","Near Mint","English","","","2023-10-26 21:38:17.963000","214","False","False","0.45"
"13","13","Counterspell","cmm","Near Mint","English","","","2023-10-26 21:38:17.963000","81","False","False","0.74"
"1","1","Court of Ardenvale","woc","Near Mint","English","","","2023-10-26 21:38:17.963000","21","False","False","3.70"
"4","4","Covert Technician","neo","Near Mint","English","","","2023-10-26 21:38:17.963000","49","False","False","0.02"
"4","4","Coveted Jewel","moc","Near Mint","English","","","2023-10-26 21:38:17.963000","353","False","False","0.42"
"2","2","Crackdown Construct","aer","Near Mint","English","","","2023-10-26 21:38:17.963000","148","False","False","0.10"
"1","1","Crackling Drake","c21","Near Mint","English","","","2023-10-26 21:38:17.963000","213","False","False","0.09"
"1","1","Cradle Clearcutter","bro","Near Mint","English","","","2023-10-26 21:38:17.963000","198","False","False","0.08"
"1","1","Cradle of Vitality","c13","Near Mint","English","","","2023-10-26 21:38:17.963000","7","False","False","0.41"
"1","1","Cragcrown Pathway // Timbercrown Pathway","znr","Near Mint","English","","","2023-10-26 21:38:17.963000","261","False","False","3.83"
"1","1","Cranial Plating","2xm","Near Mint","English","","","2023-10-26 21:38:17.963000","245","False","False","0.27"
"1","1","Crater Elemental","dtk","Near Mint","English","","","2023-10-26 21:38:17.963000","132","False","False","0.10"
"1","1","Craterize","m13","Near Mint","English","","","2023-10-26 21:38:17.963000","126","False","False","0.05"
"1","1","Craw Wurm","m10","Near Mint","English","","","2023-10-26 21:38:17.963000","173","False","False","0.12"
"2","2","Crawling Infestation","cmm","Near Mint","English","","","2023-10-26 21:38:17.963000","281","False","False","0.06"
"1","1","Crawling Sensation","soi","Near Mint","English","","","2023-10-26 21:38:17.963000","199","False","False","0.16"
"2","2","Creeping Tar Pit","clb","Near Mint","English","","","2023-10-26 21:38:17.963000","888","False","False","0.21"
"1","1","Creepy Puppeteer","vow","Near Mint","English","","","2023-10-26 21:38:17.963000","151","False","False","0.05"
"4","4","Crew Captain","snc","Near Mint","English","","","2023-10-26 21:38:17.963000","180","False","False","0.01"
"2","2","Criminal Past","clb","Near Mint","English","","","2023-10-26 21:38:17.963000","122","False","False","0.04"
"3","3","Crimson Muckwader","m13","Near Mint","English","","","2023-10-26 21:38:17.963000","127","False","False","0.04"
"1","1","Crimson Wisps","shm","Near Mint","English","","","2023-11-13 22:49:28.073000","88","False","False",""
"3","3","Crippling Fear","cmm","Near Mint","English","","","2023-10-26 21:38:17.963000","862","False","False","0.49"
"1","1","Critical Hit","afr","Near Mint","English","","","2023-10-26 21:38:17.963000","137","False","False","0.06"
"2","2","Croaking Counterpart","mid","Near Mint","English","","","2023-10-26 21:38:17.963000","215","False","False","0.33"
"2","2","Crocodile of the Crossing","akh","Near Mint","English","","","2023-10-26 21:38:17.963000","162","False","False","0.05"
"2","2","Crook of Condemnation","hou","Near Mint","English","","","2023-10-26 21:38:17.963000","159","False","False","0.04"
"2","2","Crop Sigil","emn","Near Mint","English","","","2023-10-26 21:38:17.963000","153","False","False","0.14"
"1","1","Crosis's Charm","c17","Near Mint","English","","","2023-10-26 21:38:17.963000","169","False","False","0.53"
"1","1","Crossroads Candleguide","mid","Near Mint","English","","","2023-10-26 21:38:17.963000","253","False","False","0.02"
"1","1","Cruel Celebrant","war","Near Mint","English","","","2023-10-26 21:38:17.963000","188","False","False","0.78"
"1","1","Cruel Reality","akh","Near Mint","English","","","2023-10-26 21:38:17.963000","84","False","False","2.44"
"1","1","Cruel Ultimatum","e01","Near Mint","English","","","2023-10-26 21:38:17.963000","82","False","False","0.71"
"2","2","Crumbling Necropolis","dmc","Near Mint","English","","","2023-10-26 21:38:17.963000","205","False","False","0.25"
"1","1","Crusader of Odric","2xm","Near Mint","English","","","2023-10-26 21:38:17.963000","13","False","False","0.05"
"2","2","Crush Contraband","nec","Near Mint","English","","","2023-10-26 21:38:17.963000","82","False","False","0.20"
"2","2","Cry of the Carnarium","rna","Near Mint","English","","","2023-10-26 21:38:17.963000","70","False","False","0.02"
"3","3","Crypt Ghast","c14","Near Mint","English","","","2023-10-26 21:38:17.963000","139","False","False","10.38"
"1","1","Crypt Lurker","m21","Near Mint","English","","","2023-10-26 21:38:17.963000","93","False","False","0.02"
"2","2","Crypt of the Eternals","hou","Near Mint","English","","","2023-10-26 21:38:17.963000","169","False","False","0.14"
"1","1","Cryptbreaker","emn","Near Mint","English","","","2023-10-26 21:38:17.963000","86","False","False","3.94"
"1","1","Cryptic Serpent","cmm","Near Mint","English","","","2023-10-26 21:38:17.963000","83","False","False","0.19"
"1","1","Cryptothrall","40k","Near Mint","English","","","2023-10-30 21:48:27.477000","155","False","False",""
"1","1","Cult Conscript","dmu","Near Mint","English","","","2023-10-26 21:38:17.963000","88","False","False","0.09"
"1","1","Cult Guildmage","rna","Near Mint","English","","","2023-10-26 21:38:17.963000","164","False","False","0.04"
"6","6","Cultivate","cmm","Near Mint","English","","","2023-10-26 21:38:17.963000","889","False","False","0.78"
"1","1","Cultivator's Caravan","moc","Near Mint","English","","","2023-10-26 21:38:17.963000","354","False","False","0.10"
"1","1","Cunning Breezedancer","dtk","Near Mint","English","","","2023-10-26 21:38:17.963000","215","False","False","0.08"
"1","1","Cunning Evasion","mh1","Near Mint","English","","","2023-10-26 21:38:17.963000","45","False","False","0.29"
"2","2","Cunning Rhetoric","cmm","Near Mint","English","","","2023-10-26 21:38:17.963000","864","False","False","0.58"
"1","1","Curator of Mysteries","afc","Near Mint","English","","","2023-10-26 21:38:17.963000","81","False","False","0.21"
"1","1","Curiosity","a25","Near Mint","English","","","2023-10-26 21:38:17.963000","52","False","False","0.44"
"1","1","Curious Homunculus // Voracious Reader","emn","Near Mint","English","","","2023-10-26 21:38:17.963000","54","False","False","0.27"
"2","2","Curse of Chaos","c13","Near Mint","English","","","2023-10-26 21:38:17.963000","105","False","False","0.32"
"1","1","Curse of Disturbance","c21","Near Mint","English","","","2023-10-26 21:38:17.963000","138","False","False","0.58"
"1","1","Curse of Inertia","cma","Near Mint","English","","","2023-10-26 21:38:17.963000","35","False","False","0.41"
"1","1","Curse of Leeches // Leeching Lurker","mid","Near Mint","English","","","2023-10-26 21:38:17.963000","94","False","False","0.16"
"1","1","Curse of Shallow Graves","c13","Near Mint","English","","","2023-10-26 21:38:17.963000","71","False","False","0.68"
"3","3","Curse of Silence","mid","Near Mint","English","","","2023-10-26 21:38:17.963000","15","False","False","0.24"
"1","1","Curse of Surveillance","mid","Near Mint","English","","","2023-10-26 21:38:17.963000","46","False","False","0.16"
"3","3","Curse of the Swine","clb","Near Mint","English","","","2023-10-26 21:38:17.963000","716","False","False","0.41"
"1","1","Cursed Courtier","woe","Near Mint","English","","","2023-10-26 21:38:17.963000","9","False","False","0.02"
"3","3","Cursed Mirror","c21","Near Mint","English","","","2023-10-26 21:38:17.963000","50","False","False","3.61"
"2","2","Custodi Soulbinders","voc","Near Mint","English","","","2023-10-26 21:38:17.963000","82","False","False","0.05"
"1","1","Custodi Squire","cmm","Near Mint","English","","","2023-10-26 21:38:17.963000","19","False","False","0.03"
"1","1","Cut // Ribbons","akh","Near Mint","English","","","2023-10-26 21:38:17.963000","223","False","False","0.48"
"1","1","Cut a Deal","clb","Near Mint","English","","","2023-10-30 21:48:27.477000","14","False","False",""
"1","1","Cut Down","dmu","Near Mint","English","","","2023-10-26 21:38:17.963000","89","False","False","0.79"
"1","1","Cut Short","mom","Near Mint","English","","","2023-10-26 21:38:17.963000","10","False","False","0.02"
"1","1","Cyclopean Mummy","4ed","Near Mint","English","","","2023-10-26 21:38:17.963000","128","False","False","0.05"
"1","1","Cyclops Electromancer","cmm","Near Mint","English","","","2023-10-26 21:38:17.963000","212","False","False","0.06"
"1","1","Dagger Caster","rna","Near Mint","English","","","2023-10-26 21:38:17.963000","97","False","False","0.14"
"5","5","Dagger of the Worthy","hou","Near Mint","English","","","2023-10-26 21:38:17.963000","160","False","False","0.04"
"4","4","Daghatar the Adamant","frf","Near Mint","English","","","2023-10-26 21:38:17.963000","9","False","False","0.15"
"2","2","Damnable Pact","ncc","Near Mint","English","","","2023-10-26 21:38:17.963000","245","False","False","0.28"
"1","1","Damping Matrix","mm3","Near Mint","English","","","2023-10-26 21:38:17.963000","218","False","False","0.30"
"1","1","Dance with Devils","soi","Near Mint","English","","","2023-10-26 21:38:17.963000","150","False","False","0.12"
"1","1","Dancing Sword","afr","Near Mint","English","","","2023-10-26 21:38:17.963000","8","False","False","0.10"
"1","1","Danitha, Benalia's Hope","dmu","Near Mint","English","","","2023-10-26 21:38:17.963000","15","False","False","0.42"
"1","1","Daredevil Dragster","aer","Near Mint","English","","","2023-10-26 21:38:17.963000","149","False","False","0.06"
"2","2","Daretti, Scrap Savant","cmm","Near Mint","English","","","2023-10-26 21:38:17.963000","213","False","False","0.54"
"6","6","Daring Saboteur","ncc","Near Mint","English","","","2023-10-26 21:38:17.963000","217","False","False","0.03"
"1","1","Dark Deal","frf","Near Mint","English","","","2023-10-26 21:38:17.963000","66","False","False","4.28"
"1","1","Dark Impostor","voc","Near Mint","English","","","2023-10-26 21:38:17.963000","127","False","False","0.18"
"1","1","Dark Intimations","aer","Near Mint","English","","","2023-10-26 21:38:17.963000","128","False","False","0.18"
"2","2","Dark Nourishment","xln","Near Mint","English","","","2023-10-26 21:38:17.963000","97","False","False","0.04"
"2","2","Dark Ritual","a25","Near Mint","English","","","2023-10-26 21:38:17.963000","82","False","False","1.45"
"2","2","Dark Tutelage","m11","Near Mint","English","","","2023-10-26 21:38:17.963000","90","False","False","0.45"
"3","3","Darksteel Citadel","c21","Near Mint","English","","","2023-10-26 21:38:17.963000","285","False","False","0.57"
"1","1","Darksteel Ingot","cmm","Near Mint","English","","","2023-10-26 21:38:17.963000","378","False","False","0.15"
"3","3","Darksteel Juggernaut","c18","Near Mint","English","","","2023-10-26 21:38:17.963000","202","False","False","0.18"
"5","5","Darksteel Mutation","cmm","Near Mint","English","","","2023-10-26 21:38:17.963000","21","False","False","1.18"
"3","3","Darkwater Catacombs","woc","Near Mint","English","","","2023-10-26 21:38:17.963000","157","False","False","0.19"
"2","2","Darling of the Masses","snc","Near Mint","English","","","2023-10-26 21:38:17.963000","181","False","False","0.02"
"1","1","Dauntless Onslaught","ddo","Near Mint","English","","","2023-10-26 21:38:17.963000","6","False","False",""
"1","1","Dawn Charm","cmr","Near Mint","English","","","2023-10-30 21:48:27.477000","371","False","False",""
"2","2","Dawnhart Geist","vow","Near Mint","English","","","2023-10-26 21:38:17.963000","8","False","False","0.05"
"4","4","Dawnhart Mentor","mid","Near Mint","English","","","2023-10-26 21:38:17.963000","179","False","False","0.02"
"2","2","Dawnhart Wardens","mid","Near Mint","English","","","2023-10-26 21:38:17.963000","216","False","False","0.03"
"2","2","Day of the Dragons","khc","Near Mint","English","","","2023-10-26 21:38:17.963000","38","False","False","0.15"
"1","1","Daybreak Charger","m21","Near Mint","English","","","2023-10-26 21:38:17.963000","14","False","False","0.01"
"1","1","Daze","ema","Near Mint","English","","","2023-10-26 21:38:17.963000","44","False","False","2.15"
"1","1","Dead Drop","ktk","Near Mint","English","","","2023-10-26 21:38:17.963000","67","False","False","0.12"
"1","1","Dead Revels","rna","Near Mint","English","","","2023-10-26 21:38:17.963000","71","False","False","0.04"
"1","1","Deadeye Harpooner","aer","Near Mint","English","","","2023-10-26 21:38:17.963000","15","False","False","0.03"
"1","1","Deadeye Plunderers","xln","Near Mint","English","","","2023-10-26 21:38:17.963000","220","False","False","0.10"
"3","3","Deadeye Quartermaster","xln","Near Mint","English","","","2023-10-26 21:38:17.963000","50","False","False","0.24"
"3","3","Deadly Brew","stx","Near Mint","English","","","2023-10-26 21:38:17.963000","176","False","False","0.10"
"2","2","Deadly Wanderings","dtk","Near Mint","English","","","2023-10-26 21:38:17.963000","94","False","False","0.04"
"1","1","Deafening Silence","eld","Near Mint","English","","","2023-10-26 21:38:17.963000","10","False","False","0.98"
"1","1","Death Watch","vis","Near Mint","English","","","2023-10-26 21:38:17.963000","57","False","False","0.24"
"1","1","Deathbloom Ritualist","bro","Near Mint","English","","","2023-10-26 21:38:17.963000","208","False","False","0.13"
"4","4","Deathbringer Liege","2x2","Near Mint","English","","","2023-10-26 21:38:17.963000","200","False","False","0.47"
"3","3","Deathbringer Regent","ncc","Near Mint","English","","","2023-10-26 21:38:17.963000","246","False","False","0.14"
"3","3","Deathcap Glade","vow","Near Mint","English","","","2023-10-26 21:38:17.963000","261","False","False","10.24"
"1","1","Deathgorge Scavenger","xln","Near Mint","English","","","2023-10-26 21:38:17.963000","184","False","False","0.48"
"2","2","Deathless Ancient","xln","Near Mint","English","","","2023-10-26 21:38:17.963000","100","False","False","0.03"
"1","1","Deathpact Angel","gk2","Near Mint","English","","","2023-10-26 21:38:17.963000","38","False","False","0.64"
"1","1","Death-Priest of Myrkul","afr","Near Mint","English","","","2023-10-26 21:38:17.963000","95","False","False","0.12"
"2","2","Death's Presence","mic","Near Mint","English","","","2023-10-26 21:38:17.963000","137","False","False","0.19"
"2","2","Debt to the Deathless","dgm","Near Mint","English","","","2023-10-26 21:38:17.963000","64","False","False","0.54"
"1","1","Debtors' Knell","c21","Near Mint","English","","","2023-10-26 21:38:17.963000","215","False","False","0.27"
"1","1","Debtor's Pulpit","gtc","Near Mint","English","","","2023-10-26 21:38:17.963000","10","False","False","0.05"
"1","1","Decimator Beetle","akh","Near Mint","English","","","2023-10-26 21:38:17.963000","197","False","False","0.07"
"2","2","Decimator of the Provinces","emn","Near Mint","English","","","2023-10-26 21:38:17.963000","2","False","False","1.09"
"2","2","Decisive Denial","stx","Near Mint","English","","","2023-10-26 21:38:17.963000","177","False","False","0.15"
"1","1","Decree of Justice","c20","Near Mint","English","","","2023-10-26 21:38:17.963000","85","False","False","0.16"
"1","1","Decree of Pain","cmm","Near Mint","English","","","2023-10-26 21:38:17.963000","148","False","False","0.29"
"2","2","Deem Worthy","akh","Near Mint","English","","","2023-10-26 21:38:17.963000","127","False","False","0.04"
"1","1","Deeproot Champion","xln","Near Mint","English","","","2023-10-26 21:38:17.963000","185","False","False","0.14"
"1","1","Deeproot Waters","xln","Near Mint","English","","","2023-10-26 21:38:17.963000","51","False","False","0.29"
"1","1","Deepwood Denizen","mh2","Near Mint","English","","","2023-10-26 21:38:17.963000","155","False","False","0.04"
"1","1","Defensive Formation","usg","Near Mint","English","","","2023-10-26 21:38:17.963000","9","False","False","0.33"
"1","1","Defiant Bloodlord","c21","Near Mint","English","","","2023-10-26 21:38:17.963000","142","False","False","0.22"
"2","2","Defiant Greatmaw","akh","Near Mint","English","","","2023-10-26 21:38:17.963000","163","False","False","0.03"
"2","2","Defiler of Vigor","dmu","Near Mint","English","","","2023-10-26 21:38:17.963000","160","False","False","1.88"
"1","1","Deflecting Palm","cmr","Near Mint","English","","","2023-10-26 21:38:17.963000","444","False","False","2.05"
"1","1","Deft Dismissal","aer","Near Mint","English","","","2023-10-26 21:38:17.963000","17","False","False","0.02"
"1","1","Delirium","mir","Near Mint","English","","","2023-10-26 21:38:17.963000","260","False","False","0.62"
"1","1","Deliver Unto Evil","war","Near Mint","English","","","2023-10-26 21:38:17.963000","85","False","False","0.17"
"1","1","Deluxe Dragster","moc","Near Mint","English","","","2023-10-26 21:38:17.963000","21","False","False","0.26"
"2","2","Demilich","afr","Near Mint","English","","","2023-10-26 21:38:17.963000","53","False","False","2.20"
"1","1","Demogorgon's Clutches","afr","Near Mint","English","","","2023-10-26 21:38:17.963000","96","False","False","0.04"
"1","1","Demolition Field","bro","Near Mint","English","","","2023-10-26 21:38:17.963000","260","False","False","1.46"
"1","1","Demolition Stomper","kld","Near Mint","English","","","2023-10-26 21:38:17.963000","206","False","False","0.11"
"1","1","Demonlord Belzenlok","cmm","Near Mint","English","","","2023-10-26 21:38:17.963000","151","False","False","0.23"
"1","1","Den of the Bugbear","afr","Near Mint","English","","","2023-10-26 21:38:17.963000","254","False","False","3.70"
"4","4","Departed Deckhand","m19","Near Mint","English","","","2023-10-26 21:38:17.963000","49","False","False","0.10"
"3","3","Depose // Deploy","rna","Near Mint","English","","","2023-10-26 21:38:17.963000","225","False","False","0.11"
"2","2","Deputy of Acquittals","mm3","Near Mint","English","","","2023-10-26 21:38:17.963000","159","False","False","0.05"
"1","1","Deputy of Detention","rna","Near Mint","English","","","2023-10-26 21:38:17.963000","165","False","False","0.26"
"1","1","Deranged Whelp","emn","Near Mint","English","","","2023-10-26 21:38:17.963000","125","False","False","0.07"
"3","3","Desert Twister","cma","Near Mint","English","","","2023-10-26 21:38:17.963000","100","False","False","0.10"
"1","1","Desert's Hold","hou","Near Mint","English","","","2023-10-26 21:38:17.963000","8","False","False","0.06"
"1","1","Desolate Lighthouse","clb","Near Mint","English","","","2023-10-26 21:38:17.963000","890","False","False","0.13"
"3","3","Despark","moc","Near Mint","English","","","2023-10-26 21:38:17.963000","322","False","False","0.20"
"1","1","Desperate Ravings","c19","Near Mint","English","","","2023-10-26 21:38:17.963000","137","False","False","0.05"
"3","3","Destined // Lead","akh","Near Mint","English","","","2023-10-26 21:38:17.963000","217","False","False","0.09"
"1","1","Destiny Spinner","woc","Near Mint","English","","","2023-10-26 21:38:17.963000","123","False","False","0.34"
"3","3","Detention Vortex","stx","Near Mint","English","","","2023-10-26 21:38:17.963000","13","False","False","0.01"
"5","5","Devastating Mastery","stx","Near Mint","English","","","2023-10-26 21:38:17.963000","14","False","False","0.10"
"2","2","Devilish Valet","snc","Near Mint","English","","","2023-10-26 21:38:17.963000","105","False","False","0.25"
"1","1","Devil's Play","c19","Near Mint","English","","","2023-10-26 21:38:17.963000","138","False","False","0.18"
"1","1","Devoted Caretaker","ody","Near Mint","English","","","2023-11-13 22:47:46.750000","18","False","False",""
"1","1","Devoted Crop-Mate","akh","Near Mint","English","","","2023-10-26 21:38:17.963000","10","False","False","0.03"
"3","3","Devotee of Strength","hou","Near Mint","English","","","2023-10-26 21:38:17.963000","113","False","False","0.01"
"1","1","Devouring Light","moc","Near Mint","English","","","2023-10-26 21:38:17.963000","180","False","False","0.05"
"2","2","Devouring Tendrils","stx","Near Mint","English","","","2023-10-26 21:38:17.963000","126","False","False","0.09"
"1","1","Devout Harpist","ulg","Near Mint","English","","","2023-10-26 21:38:17.963000","6","False","False","0.20"
"1","1","Dig Through Time","woc","Near Mint","English","","","2023-10-26 21:38:17.963000","88","False","False","0.19"
"2","2","Digsite Engineer","c21","Near Mint","English","","","2023-10-26 21:38:17.963000","15","False","False","0.18"
"1","1","Diluvian Primordial","c21","Near Mint","English","","","2023-10-26 21:38:17.963000","120","False","False","0.29"
"6","6","Dimir Aqueduct","woc","Near Mint","English","","","2023-10-26 21:38:17.963000","158","False","False","0.17"
"2","2","Dimir Charm","gk1","Near Mint","English","","","2023-10-26 21:38:17.963000","11","False","False","0.38"
"2","2","Dimir Guildgate","znc","Near Mint","English","","","2023-10-26 21:38:17.963000","127","False","False","0.18"
"6","6","Dimir Keyrune","clb","Near Mint","English","","","2023-10-26 21:38:17.963000","856","False","False","0.10"
"3","3","Dimir Signet","woc","Near Mint","English","","","2023-10-26 21:38:17.963000","146","False","False","0.57"
"1","1","Dina, Soul Steeper","stx","Near Mint","English","","","2023-10-26 21:38:17.963000","178","False","False","0.09"
"5","5","Dinosaur Stampede","xln","Near Mint","English","","","2023-10-26 21:38:17.963000","140","False","False","0.14"
"3","3","Dinrova Horror","gk1","Near Mint","English","","","2023-10-26 21:38:17.963000","14","False","False","0.14"
"1","1","Diplomatic Escort","mmq","Near Mint","English","","","2023-10-26 21:38:17.963000","74","False","False","0.25"
"1","1","Dire Fleet Warmonger","m21","Near Mint","English","","","2023-10-26 21:38:17.963000","217","False","False","0.02"
"1","1","Dire Wolf Prowler","afr","Near Mint","English","","","2023-10-26 21:38:17.963000","179","False","False","0.02"
"3","3","Disallow","aer","Near Mint","English","","","2023-10-26 21:38:17.963000","31","False","False","3.81"
"2","2","Disappearing Act","kld","Near Mint","English","","","2023-10-26 21:38:17.963000","43","False","False","0.05"
"1","1","Discerning Financier","woe","Near Mint","English","","","2023-10-26 21:38:17.963000","10","False","False","0.07"
"1","1","Discovery // Dispersal","grn","Near Mint","English","","","2023-10-26 21:38:17.963000","223","False","False","0.12"
"1","1","Dismal Backwater","mom","Near Mint","English","","","2023-10-26 21:38:17.963000","269","False","False","0.09"
"1","1","Dismiss","cn2","Near Mint","English","","","2023-10-26 21:38:17.963000","108","False","False","0.23"
"2","2","Disorder in the Court","voc","Near Mint","English","","","2023-10-26 21:38:17.963000","29","False","False","0.49"
"2","2","Dispatch","nec","Near Mint","English","","","2023-10-26 21:38:17.963000","83","False","False","1.99"
"1","1","Dispeller's Capsule","c21","Near Mint","English","","","2023-10-26 21:38:17.963000","89","False","False","0.03"
"1","1","Disperse","m19","Near Mint","English","","","2023-10-26 21:38:17.963000","50","False","False","0.03"
"2","2","Displacement Wave","ori","Near Mint","English","","","2023-10-26 21:38:17.963000","55","False","False","0.43"
"1","1","Displacer Beast","afr","Near Mint","English","","","2023-10-26 21:38:17.963000","54","False","False","0.04"
"1","1","Display of Power","ltr","Near Mint","English","","","2023-11-12 17:10:29.837000","119","False","False",""
"1","1","Dispossess","akh","Near Mint","English","","","2023-10-26 21:38:17.963000","86","False","False","0.10"
"1","1","Dissolve","ima","Near Mint","English","","","2023-10-26 21:38:17.963000","51","False","False","0.17"
"1","1","Distant Melody","woc","Near Mint","English","","","2023-10-26 21:38:17.963000","89","False","False","0.29"
"1","1","Distorted Curiosity","one","Near Mint","English","","","2023-10-26 21:38:17.963000","46","False","False","0.04"
"1","1","Distorting Wake","c14","Near Mint","English","","","2023-10-26 21:38:17.963000","107","False","False","0.84"
"2","2","Distortion Strike","ima","Near Mint","English","","","2023-10-26 21:38:17.963000","52","False","False","0.39"
"1","1","District Guide","grn","Near Mint","English","","","2023-10-26 21:38:17.963000","128","False","False","0.15"
"4","4","Diver Skaab","vow","Near Mint","English","","","2023-10-26 21:38:17.963000","56","False","False","0.03"
"6","6","Divide by Zero","stx","Near Mint","English","","","2023-10-26 21:38:17.963000","41","False","False","0.07"
"1","1","Divine Reckoning","c19","Near Mint","English","","","2023-10-26 21:38:17.963000","62","False","False","0.49"
"1","1","Divine Smite","afr","Near Mint","English","","","2023-10-26 21:38:17.963000","12","False","False","0.03"
"1","1","Diviner Spirit","cma","Near Mint","English","","","2023-10-26 21:38:17.963000","37","False","False","0.09"
"1","1","Djeru, With Eyes Open","hou","Near Mint","English","","","2023-10-26 21:38:17.963000","10","False","False","0.30"
"1","1","Djinn of the Fountain","dmu","Near Mint","English","","","2023-10-26 21:38:17.963000","47","False","False","0.02"
"1","1","Dockside Chef","neo","Near Mint","English","","","2023-10-26 21:38:17.963000","93","False","False","0.25"
"2","2","Dockside Extortionist","2x2","Near Mint","English","","","2023-10-26 21:38:17.963000","107","False","False","63.42"
"1","1","Dominate","c15","Near Mint","English","","","2023-10-26 21:38:17.963000","92","False","False","0.22"
"1","1","Dominating Vampire","vow","Near Mint","English","","","2023-10-26 21:38:17.963000","154","False","False","0.13"
"1","1","Domri, Anarch of Bolas","war","Near Mint","English","","","2023-10-26 21:38:17.963000","191","False","False","1.18"
"1","1","Domri, Chaos Bringer","rna","Near Mint","English","","","2023-10-26 21:38:17.963000","166","False","False","0.58"
"2","2","Domri's Ambush","war","Near Mint","English","","","2023-10-26 21:38:17.963000","192","False","False","0.11"
"2","2","Donal, Herald of Wings","voc","Near Mint","English","","","2023-10-26 21:38:17.963000","3","False","False","0.41"
"1","1","Doom Blade","e02","Near Mint","English","","","2023-10-26 21:38:17.963000","18","False","False","0.19"
"1","1","Doom Weaver","voc","Near Mint","English","","","2023-10-26 21:38:17.963000","34","False","False","1.81"
"1","1","Doomfall","hou","Near Mint","English","","","2023-10-26 21:38:17.963000","62","False","False","0.05"
